1934 3152
165 451 285 484 17a2.

99 789 137 820 F.
155 789 235 829 90b
254 798 281 821 1.

1046 107 1099 147 66

306 231 519 279 quantum
550 225 606 266 ad
636 223 804 264 animas
836 222 1074 264 racionales
1106 228 1276 264 creatur
1306 222 1514 264 totaliter.
1574 223 1671 267 Nec
1699 221 1851 276 incipit

306 295 350 335 in
387 294 532 349 specie
568 293 654 334 alia
691 292 730 333 ei
767 305 1002 345 coequeva,
1040 291 1216 342 scilicet,
1259 292 1302 332 in
1338 292 1588 334 substancia
1629 306 1850 346 corporea,

306 364 514 419 quoniam
539 363 647 404 illud
669 369 735 403 est
757 374 993 403 commune
1015 360 1110 403 celo
1133 367 1177 403 et
1198 375 1285 403 non
1307 361 1413 410 celo,
1434 368 1479 403 et
1501 362 1601 403 ideo
1627 363 1852 412 antecedit

305 434 655 489 generacionem,
685 433 797 473 sicut
837 431 981 472 celum
1024 438 1068 472 et
1109 445 1196 472 non
1237 431 1392 483 celum,
1424 432 1626 474 similiter
1666 445 1746 473 nec
1773 431 1778 487 Ι
1808 433 1852 474 in

304 505 449 558 specie
481 503 623 558 prima
652 507 875 555 sequente,
907 515 993 554 que
1031 507 1097 542 est
1134 502 1385 543 substancia
1418 515 1630 555 corporea
1664 501 1850 554 celestis,
1871 517 1889 549 5

304 575 407 628 quia
436 574 479 614 in
509 572 743 614 celestibus
772 584 862 612 non
891 571 1048 612 accidit
1080 571 1310 625 generacio
1342 585 1422 613 nec
1448 572 1689 626 corrupci0‚
1718 580 1850 625 prout

303 644 373 686 hic
400 644 622 697 loquimur
653 642 709 683 de
739 642 1026 696 generacione
1057 647 1101 682 et
1131 642 1428 694 corrupcione‚
1459 642 1634 692 scilicet,
1666 656 1753 696 que
1784 649 1852 684 est

304 727 381 768 per
428 712 763 754 renovacionem
805 711 1074 764 completam
1117 710 1300 765 alicujus
1342 711 1552 753 individui
1597 718 1642 754 et
1688 713 1850 767 speciei

302 782 624 839 specilalissime
667 782 711 822 in
748 782 887 831 rebus,
933 794 1034 822 cum
1077 781 1362 834 corrupcione
1399 781 1623 836 completa
1669 781 1849 824 alterius

302 852 516 894 individui
539 853 582 893 in
605 852 750 907 specie
771 849 1097 906 specialissima,
1125 851 1226 891 licet
1248 847 1373 892 ineis
1398 851 1454 892 sit
1483 851 1716 893 renovacio
1740 852 1850 895 lucis
1872 864 1912 887 10

302 931 346 966 et
374 922 713 964 similitudinum
742 935 888 962 rerum
917 921 1183 965 inferiorum,
1213 921 1325 962 sicut
1353 928 1552 963 creatura
1580 920 1651 963 alii
1681 923 1849 963 assimi—

301 993 380 1035 lari
402 998 549 1047 potest
572 991 821 1047 recipiendo
850 991 1042 1046 speciem
1066 997 1110 1032 et
1131 992 1387 1045 ymaginem
1415 991 1604 1044 alterius,
1627 998 1675 1033 ut
1696 1005 1850 1034 sensus

302 1064 493 1118 recipere
524 1063 691 1117 species
722 1061 993 1103 sensibilium
1027 1061 1196 1111 dicitur,
1228 1061 1340 1102 sicut
1374 1061 1417 1101 in
1448 1061 1542 1103 aliis
1572 1060 1847 1104 verificatum

303 1140 383 1176 est.
426 1133 600 1175 Deinde
622 1131 804 1173 ulterius
826 1132 870 1172 in
891 1131 1036 1185 specie
1057 1145 1281 1185 coequeva
1303 1131 1385 1182 isti,
1402 1131 1576 1182 scilicet,
1598 1132 1849 1175 substancie

302 1217 513 1259 corporee
550 1203 713 1255 celesti,
747 1216 833 1256 que
875 1209 941 1243 est
982 1201 1236 1243 substancia
1280 1215 1492 1257 corporea
1533 1215 1621 1243 non
1663 1202 1848 1252 celestis,
1868 1213 1907 1244 15

301 1274 470 1316 distans
512 1274 555 1314 in
596 1273 733 1314 tercio
774 1272 913 1326 gradu
955 1285 981 1312 a
1021 1285 1179 1325 genere
1221 1271 1562 1325 generalissimo,
1604 1274 1848 1315 attenditur

300 1344 408 1385 illud
444 1358 501 1385 ex
539 1357 627 1397 quo
664 1342 892 1397 generacio
930 1340 1175 1383 radicaliter
1211 1341 1273 1393 fit,
1307 1343 1410 1395 quia
1443 1348 1600 1384 natura
1632 1356 1847 1396 generans

299 1414 507 1469 supponit
529 1413 724 1466 aliquam
746 1412 953 1465 radicem,
975 1425 1107 1465 quam
1135 1418 1367 1465 promovet
1396 1413 1452 1453 ad
1475 1427 1568 1454 esse
1593 1412 1845 1468 specificum

300 1485 343 1525 in
369 1484 666 1538 generacione,
694 1488 738 1524 et
766 1483 822 1524 ad
847 1495 981 1535 quam
1011 1482 1189 1523 resolvit
1219 1496 1312 1523 esse
1342 1481 1592 1537 specificum
1625 1483 1668 1523 in
1699 1496 1846 1525 corru-

299 1554 467 1608 pcione.
531 1552 611 1595 Set
653 1565 752 1594 cum
794 1553 876 1593 ista
916 1552 1043 1593 radix
1091 1551 1224 1593 habet
1266 1551 1429 1594 multos
1465 1553 1627 1608 gradus
1663 1560 1846 1608 propter
1867 1562 1908 1584 20

298 1625 598 1665 diversitatem
634 1623 933 1677 generacionis
970 1628 1013 1662 et
1050 1622 1344 1675 corrupcionis
1381 1635 1525 1663 rerum
1561 1622 1844 1674 diversarum,

298 1695 464 1747 primus
500 1693 675 1748 gradus,
713 1691 826 1733 ultra
861 1705 993 1747 quem
1038 1697 1194 1733 natura
1231 1692 1292 1733 ire
1334 1705 1421 1733 non
1454 1699 1613 1747 potest,
1645 1693 1845 1736 consistit

299 1765 341 1805 in
383 1764 468 1806 hoc
503 1777 664 1819 genere
698 1763 953 1805 subalterno
985 1763 1104 1817 quod
1138 1777 1216 1817 per
1247 1764 1358 1805 hanc
1389 1762 1843 1817 circumlocucionem‚

297 1849 383 1889 que
404 1841 469 1876 est
496 1834 744 1876 substancia
765 1846 976 1888 corporea
997 1846 1085 1874 non
1102 1833 1284 1884 celestis,
1314 1834 1580 1887 designatur.
1645 1833 1724 1876 Set
1757 1848 1843 1877 non

296 1905 431 1947 habet
463 1918 597 1945 unum
630 1917 793 1945 nomen
823 1902 1026 1957 simpleX‚
1057 1910 1237 1944 vocetur
1268 1909 1416 1945 tamen
1450 1904 1506 1944 ad
1535 1903 1745 1958 placitum
1781 1904 1840 1945 A.
1865 1921 1904 1953 25

299 1974 431 2028 Quod
468 1988 572 2016 vero
609 1974 665 2015 ad
702 1973 820 2014 istud
862 1979 947 2014 stet
989 1978 1145 2014 natura
1188 1974 1230 2014 in
1272 1973 1524 2026 generando
1562 1979 1606 2015 et
1647 1988 1841 2016 corrum-

297 2045 456 2099 pendo,
498 2043 781 2085 manifestum
832 2049 910 2091 est,
956 2043 1059 2097 quia
1110 2043 1316 2101 quicquid
1368 2037 1565 2096 sequitur
1609 2044 1665 2085 ad
1712 2044 1840 2085 istam

296 2114 487 2155 radicem
509 2120 574 2156 est
595 2112 846 2169 generabile
868 2118 912 2154 et
929 2112 1213 2166 corruptibile
1236 2112 1278 2153 in
1300 2113 1548 2167 quantitate
1571 2113 1840 2168 incompleta

294 2183 363 2225 vel
386 2183 618 2239 completa,
642 2184 685 2224 in
710 2196 756 2225 se
777 2182 847 2224 vel
871 2183 913 2223 in
939 2182 1034 2224 alio.
1090 2183 1228 2224 Istam
1247 2183 1363 2224 enim
1386 2183 1576 2224 radicem
1599 2190 1841 2238 sequuntur

295 2253 562 2295 elementum
606 2260 649 2295 et
700 2253 904 2301 mixtum,
945 2253 1153 2306 quoniam
1196 2251 1445 2294 substancia
1493 2266 1702 2308 corporea
1749 2266 1838 2295 non
1859 2269 1900 2300 30

295 2323 467 2364 celestis
498 2330 576 2364 aut
604 2330 669 2365 est
702 2323 968 2363 elementum
998 2329 1074 2363 aut
1107 2323 1311 2364 mixtum.
1377 2323 1525 2364 Mixta
1557 2324 1672 2376 enim
1705 2336 1836 2378 gene-

341 2424 353 2443 1
375 2418 454 2455 post
465 2414 616 2446 totaliter
631 2415 709 2445 haec
718 2413 815 2445 verba
831 2413 907 2445 add.
924 2413 987 2443 FD
996 2413 1059 2444 nisi
1072 2423 1236 2453 ponamus
1253 2414 1517 2453 generacionem
1530 2419 1563 2445 et
1575 2414 1835 2455 corrupcionem

294 2467 486 2506 specierum
507 2466 541 2497 in
562 2467 623 2508 eis,
642 2471 676 2497 et
698 2467 759 2498 has
781 2476 858 2498 esse
881 2466 923 2497 de
945 2465 1103 2506 potencia
1125 2467 1278 2507 materie,
1296 2471 1330 2498 et
1352 2466 1398 2497 ita
1421 2467 1629 2505 naturaliter,
1646 2467 1834 2498 secundum

296 2518 379 2559 (om.
411 2519 460 2561 D)
493 2520 585 2560 quod
616 2519 779 2550 naturalis
810 2519 968 2559 operacio
1000 2519 1162 2549 dividitur
1193 2523 1309 2550 contra
1340 2519 1555 2550 creacionem
1586 2529 1646 2550 seu
1680 2520 1833 2551 datorem

295 2572 478 2603 formarum
494 2573 537 2604 ab
553 2573 749 2604 extrinseco
904 2583 924 2611 4
948 2582 1017 2602 non
1034 2570 1159 2612 celum]
1178 2572 1285 2611 magis
1300 2571 1336 2602 D
1499 2583 1517 2613 7
1542 2572 1671 2604 scilicet
1688 2583 1755 2604 om.
1771 2573 1835 2604 FD

299 2635 333 2654 11
360 2625 574 2666 inferiorum]
593 2625 800 2656 infinitarum
817 2624 851 2654 D
1040 2634 1077 2662 14
1103 2623 1243 2655 ulterius
1260 2635 1325 2656 ont.
1343 2625 1376 2655 F
1510 2624 1706 2656 substancie
1722 2636 1789 2657 om.
1806 2625 1839 2656 F

298 2688 335 2716 17
359 2677 558 2719 generacio]
577 2688 704 2718 genere
717 2677 780 2708 FD
868 2676 1062 2708 radicaliter
1077 2676 1131 2718 fit]
1148 2677 1191 2707 sit
1207 2677 1321 2708 radica
1336 2677 1417 2708 licet
1429 2677 1464 2707 D
1554 2687 1593 2717 19
1616 2677 1831 2720 specificum]

294 2729 527 2769 specificatum
543 2730 576 2761 F
683 2741 725 2761 20
749 2740 825 2761 cum
842 2741 912 2760 om.
928 2730 963 2760 D
1077 2739 1118 2759 22
1140 2729 1312 2770 consistit]
1331 2730 1496 2760 consistet
1515 2729 1549 2760 F
1656 2739 1698 2769 23
1723 2730 1832 2772 quod]

294 2782 370 2821 quia
388 2782 420 2812 F
532 2782 887 2823 circumlocucionem]
904 2782 1164 2814 circulacionem
1183 2781 1217 2811 D
1337 2791 1378 2821 25
1402 2793 1505 2813 unuin
1523 2793 1588 2814 om.
1604 2782 1638 2813 D
1742 2784 1831 2826 tum]

294 2839 346 2864 set
363 2834 398 2863 D
518 2844 557 2874 27
583 2835 677 2876 quia]
694 2835 853 2874 quoniam
869 2835 903 2865 D
993 2835 1034 2865 28
1059 2835 1266 2874 incompleta
1281 2844 1344 2865 om.
1364 2835 1396 2865 F
1479 2845 1517 2874 31
1545 2835 1650 2877 enim]
1667 2841 1779 2868 autern
1798 2837 1832 2867 D
