1934 3152
279 405 712 460 SUMMARY
768 407 875 460 OF
929 407 1384 461 CONTENTS

624 584 785 627 PARS
834 585 1040 627 PRIMA

52 721 261 756 Distinccio
280 722 399 767 prima
417 722 464 758 de
483 723 743 759 communibus
763 725 812 759 ad
832 725 958 761 omnia
976 725 1170 761 naturalia.

99 793 189 838 Cap.
211 802 241 828 1.
268 793 316 828 de
334 793 463 828 ordine
482 793 643 829 sciencie
662 794 840 830 naturalis
862 796 911 830 ad
931 795 1166 832 differencias

98 852 188 897 Cap.
206 862 239 887 2.
264 853 310 888 de
327 864 484 888 numero
502 860 539 888 et
557 853 686 889 ordine
706 854 952 889 scienciarum
970 854 1195 889 naturalium
1255 882 1262 890 .

97 911 189 957 Cap.
207 921 239 956 3.
267 911 314 946 de
332 911 445 946 modo
463 912 691 957 procedendi
711 912 747 947 in
764 912 961 948 tractando
979 913 1026 948 de
1044 913 1275 948 naturalibus

96 970 188 1016 Cap.
207 981 241 1014 4.
269 971 315 1005 de
337 971 536 1006 universali
557 971 794 1017 exposicione
813 971 959 1016 agentis
979 978 1015 1007 et
1034 972 1189 1007 materie

49 1063 257 1098 Distinccio
279 1063 456 1099 secunda.

96 1134 186 1179 Cap.
209 1144 237 1168 1.
264 1135 310 1170 de
328 1146 373 1170 eo
392 1135 492 1180 quod
512 1134 551 1169 fit
571 1135 618 1169 ab
637 1141 769 1179 agente
789 1135 826 1169 in
845 1134 1045 1170 materiam

94 1193 185 1238 Cap.
206 1202 237 1227 2.
264 1193 311 1228 de
330 1192 544 1228 diversitate
563 1193 760 1237 agencium
777 1192 1000 1228 faciencium
1020 1192 1175 1238 Species

94 1253 186 1297 Cap.
207 1262 238 1296 3.
264 1252 312 1287 de
329 1252 454 1286 medio
473 1252 510 1286 in
529 1263 601 1297 quo
620 1252 660 1287 fit
679 1251 947 1297 multiplicacio
966 1251 1105 1296 speciei
1124 1258 1160 1286 et
1180 1253 1227 1287 de
1252 1251 1474 1297 multiplica-

139 1310 246 1347 cione
264 1311 470 1346 secundum
488 1311 605 1346 lineas
622 1317 742 1346 rectas

59 1397 62 1401 .
93 1371 185 1416 Cap.
203 1380 236 1414 4.
263 1370 308 1406 de
326 1370 642 1416 multiplicacione
661 1370 869 1405 secundum
887 1370 1004 1405 lineas
1022 1370 1159 1406 fractas

93 1429 184 1474 Cap.
206 1437 236 1474 5.
263 1429 310 1465 de
329 1429 465 1475 duplici
484 1429 670 1465 fraccione
707 1456 714 1464 .

47 1520 252 1557 Distinccio
287 1524 401 1558 tercia
435 1524 482 1557 de
511 1522 827 1568 multiplicacione
860 1522 1069 1557 secundum
1100 1521 1220 1557 lineas
1252 1522 1408 1557 reflexas
1435 1529 1472 1557 et

137 1581 389 1617 accidentales
403 1588 439 1617 et
453 1588 640 1617 tortuosas
659 1588 696 1617 et
714 1581 973 1626 figuraciones‚
985 1587 1022 1616 et
1037 1581 1083 1616 de
1102 1581 1257 1616 accione
1268 1588 1304 1616 et
1319 1591 1473 1626 corrup—

139 1640 244 1676 cione
263 1639 412 1686 speciei.

92 1711 183 1756 Cap.
206 1721 234 1746 1.
262 1711 309 1746 de
327 1711 643 1756 multiplicacione
663 1711 872 1746 secundum
890 1717 966 1746 tres
984 1710 1102 1746 lineas
1123 1710 1246 1745 dictas

91 1770 182 1815 Cap.
202 1779 234 1805 2.
262 1769 310 1804 de
356 1769 672 1815 multiplicacione
716 1770 920 1804 secundum
965 1769 1119 1814 figuram
1170 1768 1390 1804 circularem
1436 1775 1472 1804 et

137 1828 395 1874 piramidalem
497 1857 506 1865 .
607 1856 615 1864 .
716 1857 723 1865 .
823 1856 831 1865 .
931 1855 938 1863 .
1145 1854 1153 1862 .
1252 1854 1259 1862 .

91 1888 182 1933 Cap.
203 1898 235 1932 3.
264 1888 310 1923 de
329 1887 607 1933 specialioribus
626 1887 1004 1933 multiplicacionibus
1024 1886 1233 1922 secundum
1252 1886 1388 1930 figuras

92 1948 183 1992 Cap.
203 1957 235 1990 4.
264 1947 310 1982 de
327 1947 441 1981 modo
459 1946 642 1982 existendi
661 1945 805 1992 species
824 1946 861 1980 in
881 1946 1006 1981 medio
1025 1952 1062 1981 et
1076 1945 1123 1981 de
1138 1945 1218 1991 ejus
1234 1944 1471 1980 successione

43 2039 253 2075 Distinccio
272 2046 403 2086 quarta
422 2039 467 2075 de
483 2039 663 2075 varietate
681 2038 845 2074 accionis
863 2038 1046 2074 naturalis
1066 2051 1132 2085 per
1150 2038 1407 2083 geometriam.

91 2111 182 2156 Cap.
205 2120 234 2145 1.
278 2138 285 2144 .

90 2171 181 2215 Cap.
201 2179 231 2205 2.
260 2169 307 2204 de
327 2169 492 2213 accione,
512 2169 700 2204 fraccione
719 2175 755 2203 et
773 2169 970 2204 reflexione
1029 2195 1035 2202 .

551 2349 715 2393 PARS
759 2349 1066 2393 SECUNDA

40 2467 248 2504 Distinccio
264 2467 386 2514 prima
404 2466 450 2501 de
469 2466 636 2502 materia.

87 2539 178 2585 Cap.
199 2548 228 2574 1.
257 2538 447 2584 quomodo
465 2536 621 2572 materia
639 2535 774 2571 dicitur
792 2535 1018 2578 substancia,
1038 2535 1131 2570 sicut
1153 2535 1283 2578 forma,
1303 2541 1340 2570 et
1366 2547 1464 2571 com-

132 2597 310 2643 positum,
328 2603 363 2632 et
382 2595 539 2642 qualiter
556 2595 735 2641 equivoce

87 2657 178 2702 Cap.
199 2666 230 2691 2.
258 2655 295 2690 in
313 2667 386 2701 quo
404 2654 613 2691 ostenditur
630 2654 732 2700 quod
750 2654 846 2689 sicut
863 2660 920 2688 est
940 2665 1054 2688 unum
1073 2664 1273 2688 commune
1291 2652 1464 2688 omnibus

133 2713 361 2760 compositis,
381 2714 434 2749 sic
452 2720 508 2749 est
527 2725 549 2749 a
565 2720 672 2758 parte
688 2712 817 2756 forme,
837 2719 872 2747 et
893 2711 1062 2747 similiter
1079 2724 1102 2747 a
1119 2718 1224 2757 parte
1241 2711 1396 2747 materie
1454 2738 1463 2747 .

85 2773 176 2818 Cap.
197 2783 228 2818 3.
257 2773 294 2808 in
312 2784 384 2819 quo
402 2772 522 2818 magis
542 2772 720 2818 probatur
745 2771 994 2807 communitas
1020 2771 1174 2806 materie
1201 2782 1269 2816 per
1293 2771 1462 2806 raciones

132 2833 376 2876 particulares

1496 674 1603 702 PAGE

1556 923 1600 948 10

1554 981 1596 1014 14

1554 1135 1595 1169 16

1550 1203 1596 1227 20

1551 1322 1596 1355 24

1550 1371 1595 1406 26

1548 1431 1593 1466 28

1547 1720 1591 1755 33

1546 1897 1591 1932 39

1545 1956 1590 1990 42

1543 2119 1586 2155 45

1541 2604 1586 2640 50

1540 2721 1583 2758 52

1540 2838 1584 2875 54
