1934 3152
163 1486 286 1517 14521.

100 2057 137 2088 F.
156 2058 196 2099 89
214 2068 231 2088 a
252 2066 278 2088 2.

1066 102 1122 148 52

317 217 382 252 est
411 208 492 260 hic,
517 209 585 252 vel
618 210 661 252 in
693 210 958 265 quibusdam
987 209 1160 252 illorum
1190 223 1267 264 per
1295 210 1495 260 tercium,
1520 215 1564 252 et
1592 209 1654 251 sic
1682 215 1748 251 est
1777 208 1859 261 hic,

315 281 419 335 quia
440 281 557 322 enim
581 281 764 323 materia
786 287 830 323 et
859 281 999 323 forma
1019 286 1121 321 sunt
1144 287 1290 334 partes
1312 281 1368 323 de
1391 280 1584 323 essencia
1605 279 1859 322 substancie

315 351 570 406 composite,
602 352 703 394 ideo
735 365 822 392 non
854 357 1039 405 possunt
1070 350 1232 392 habere
1268 347 1472 393 naturam
1509 350 1760 401 accidentis,
1790 356 1858 392 set

313 421 431 463 illius
455 421 705 464 substancie
722 421 945 475 quandam
969 421 1202 469 racionem,
1220 421 1429 474 quoniam
1452 434 1531 462 nec
1553 427 1654 462 sunt
1675 420 1858 461 omnino

314 492 488 532 diversa
513 505 539 532 a
567 497 675 542 toto,
704 505 783 532 nec
811 491 929 532 idem
960 491 1145 544 penitus,
1172 498 1216 532 et
1245 497 1426 545 propter
1454 489 1539 532 hoc
1571 490 1667 543 ipsa
1698 496 1856 531 natura
1877 505 1896 538 5

312 561 564 603 substancie
592 561 836 616 composite
862 567 929 602 est
958 560 1032 602 illa
1060 566 1217 602 natura
1245 574 1330 615 que
1359 560 1598 615 opponitur
1626 559 1856 610 accidenti,

312 638 356 673 et
388 638 568 685 propter
594 631 949 672 convenienciam
977 631 1174 686 parcium
1206 644 1384 672 suarum
1415 631 1470 672 ad
1503 631 1655 685 ipsam,
1687 630 1855 672 habent

311 701 405 755 ipse
432 702 627 755 quodam
654 701 789 742 modo
818 707 1021 743 naturam
1051 701 1315 751 substancie‚
1344 707 1389 743 et
1415 700 1711 755 privacionem
1740 699 1853 741 acci·
1889 726 1892 729 ι

311 772 465 812 dentis.
528 771 589 812 Et
620 771 721 812 ideo
752 771 833 812 hec
865 771 1057 826 privacio
1089 772 1145 812 ad
1179 784 1311 825 unam
1344 771 1533 813 radicem
1571 784 1852 812 communem

310 841 544 891 reducitur,
576 841 816 883 secundum
855 841 999 897 legem
1034 841 1330 896 opposicionis
1366 855 1452 895 que
1488 847 1637 883 tamen
1668 854 1755 882 non
1786 847 1852 883 est
1876 854 1916 877 10

306 911 588 964 predicabilis
610 911 667 953 de
688 911 771 953 hiis
793 911 945 963 tribus,
967 917 1034 953 set
1056 919 1123 953 est
1148 925 1283 953 unum
1307 911 1480 953 illorum
1510 912 1654 959 trium,
1676 902 1852 964 scilicet,

307 987 452 1022 totum
486 988 684 1036 respectu
717 982 928 1037 parcium,
961 989 1004 1024 et
1037 982 1239 1036 quamvis
1269 982 1349 1024 hec
1386 982 1469 1024 tria
1499 982 1587 1024 sint
1617 996 1851 1036 coequeva,

307 1057 457 1092 tamen
479 1059 660 1106 propter
681 1051 764 1094 hoc
785 1066 871 1094 non
892 1060 959 1095 est
982 1053 1146 1107 triplex
1169 1053 1559 1107 predicamentum,
1583 1065 1663 1093 nec
1683 1052 1851 1106 triplex

306 1134 444 1174 genus
465 1121 846 1175 generalissimum
868 1124 913 1164 in
935 1123 1265 1178 predicamento
1286 1122 1558 1164 substancie:
1591 1122 1691 1176 quia
1714 1136 1850 1165 unum

306 1204 458 1232 eorum
490 1198 556 1234 est
587 1193 828 1248 principale
865 1193 1141 1248 predicabile,
1176 1207 1276 1236 cum
1314 1206 1403 1247 quo
1434 1194 1523 1234 duo
1559 1206 1647 1234 non
1679 1201 1850 1247 ponunt
1872 1205 1934 1252 15x

306 1261 349 1301 in
382 1275 625 1313 numerum,
663 1269 843 1319 propter
872 1265 991 1318 quod
1022 1278 1158 1305 unum
1191 1271 1258 1306 est
1288 1277 1427 1318 genus
1463 1263 1844 1318 generalissimum

305 1332 569 1384 substancie,
600 1333 778 1385 scilicet,
810 1335 1119 1389 compositum,
1150 1348 1229 1390 per
1266 1336 1386 1389 quod
1422 1334 1666 1376 attenditur
1702 1334 1845 1376 unitas

304 1401 634 1455 predicamenti.
718 1404 832 1445 Item
883 1405 968 1446 alia
1020 1405 1136 1447 racio
1183 1404 1441 1458 hujusmodi
1490 1410 1569 1453 est,
1611 1405 1730 1459 quod
1775 1405 1842 1447 di-

303 1471 540 1526 stinguitur
567 1471 571 1527 Ι
600 1473 976 1526 predicamentum
1015 1475 1268 1515 substancie
1304 1488 1330 1515 a
1367 1474 1698 1529 predicamento
1734 1475 1845 1516 acci-

301 1541 504 1583 dencium
534 1543 708 1584 racione
731 1544 993 1598 compositi;
1035 1551 1214 1599 propter
1244 1544 1329 1586 hoc
1361 1544 1480 1599 quod
1511 1544 1705 1599 privacio
1731 1545 1844 1588 acci·
1869 1553 1907 1577 ²0

302 1611 445 1653 dentis
475 1613 689 1667 reperitur
720 1613 763 1654 in
785 1615 1035 1670 composito
1064 1614 1346 1669 principalius
1367 1621 1411 1655 et
1432 1614 1780 1664 habundancius,
1801 1620 1844 1656 et

302 1682 525 1723 mediante
546 1682 632 1732 illo,
651 1683 694 1724 in
717 1684 901 1726 materia
923 1691 965 1725 et
987 1684 1139 1725 forma.
1183 1685 1368 1739 Insuper
1390 1684 1685 1738 compositum
1708 1683 1845 1725 habet

301 1752 520 1793 racionem
552 1766 631 1806 per
661 1768 708 1795 se
739 1754 957 1796 existendi
987 1755 1030 1795 in
1062 1755 1214 1796 ordine
1246 1755 1429 1806 encium,
1451 1768 1539 1796 non
1569 1754 1628 1796 sic
1660 1755 1844 1797 materia

300 1828 344 1862 et
370 1821 518 1864 forma.
582 1823 867 1878 Quapropter
892 1826 1007 1866 racio
1034 1825 1206 1879 generis
1235 1824 1547 1880 generalissimi
1575 1831 1618 1866 et
1646 1825 1843 1879 predica-

302 1894 436 1935 menti
457 1895 705 1949 composito
727 1895 990 1945 attribuitur,
1015 1903 1058 1937 et
1080 1909 1167 1937 non
1191 1895 1373 1938 materie
1394 1901 1437 1937 et
1460 1894 1612 1937 forme.
1863 1903 1901 1937 ²5

360 2050 607 2106 Capitulum
641 2058 707 2094 2¹2¹.
735 2052 782 2094 in
814 2067 895 2107 quo
922 2053 1165 2094 ostenditur
1188 2052 1306 2107 quod
1327 2054 1439 2095 sicut
1466 2061 1532 2096 est
1561 2068 1696 2095 unum
1726 2067 1838 2096 com-

296 2135 424 2162 mune
459 2123 656 2164 omnibus
686 2124 938 2177 compositis,
969 2124 1031 2165 sic
1059 2130 1125 2165 est
1153 2138 1180 2164 a
1204 2130 1336 2178 parte
1359 2124 1522 2178 forme,
1553 2133 1598 2166 et
1631 2124 1840 2167 similiter

295 2204 322 2230 a
336 2199 468 2245 parte
487 2194 677 2235 materie.

355 2284 529 2326 Deinde
559 2285 786 2327 sciendum
818 2286 938 2340 quod
971 2286 1152 2340 aliquod
1181 2287 1477 2341 compositum
1509 2293 1575 2328 est
1603 2301 1836 2330 commune

298 2354 552 2407 compositis
574 2355 789 2407 omnibus,
805 2356 908 2410 quia
925 2356 980 2397 de
998 2356 1196 2411 quolibet
1218 2369 1370 2397 eorum
1392 2350 1638 2411 predicatur
1654 2357 1835 2411 aliquid,
1856 2367 1897 2400 30

294 2423 467 2473 scilicet,
490 2424 742 2466 substancia
771 2426 1014 2480 generalis;
1051 2426 1230 2481 spiritus
1261 2427 1377 2467 enim
1409 2433 1474 2468 est
1504 2426 1767 2478 substancia,
1790 2434 1835 2470 et

337 2526 380 2555 26
403 2526 437 2556 D
455 2526 587 2565 usually
603 2527 703 2558 omits
720 2527 779 2558 the
797 2528 940 2568 chapter
955 2529 1131 2568 headings.

340 2630 357 2649 2
383 2619 440 2660 de]
460 2626 494 2651 et
511 2621 554 2651 de
570 2621 603 2651 F
683 2622 892 2664 substancie]
909 2624 1036 2663 speciei
1051 2624 1084 2653 F
1172 2625 1194 2655 6
1218 2627 1339 2655 natura
1355 2633 1420 2654 om.
1436 2623 1470 2654 F
1565 2633 1605 2655 10
1628 2634 1695 2655 non
1714 2635 1778 2656 om.
1794 2624 1836 2655 M

300 2681 307 2699 1
322 2682 329 2700 1
359 2671 439 2712 hiis]
458 2673 532 2704 istis
548 2673 584 2703 D
682 2679 732 2705 est
749 2685 815 2706 om.
833 2675 867 2706 F
1002 2686 1040 2715 15
1065 2675 1270 2716 predicabile
1286 2686 1351 2708 om.
1369 2675 1433 2706 FD
1569 2686 1606 2715 17
1632 2677 1832 2708 substancie

293 2734 358 2753 om.
373 2723 438 2754 FD
583 2727 622 2756 18
646 2726 904 2768 predicamenti]
923 2728 1187 2767 predicamentis
1200 2728 1234 2759 F
1315 2728 1421 2770 quod]
1439 2728 1518 2768 quia
1530 2728 1564 2759 F
1698 2739 1740 2769 23
1763 2728 1828 2771 sic]

292 2776 358 2806 sint
373 2776 407 2806 D
617 2779 726 2810 26-28
750 2779 784 2811 in
799 2803 806 2810 .
821 2802 829 2811 .
846 2803 854 2811 .
870 2780 1010 2811 materie
1024 2791 1088 2811 om.
1106 2780 1141 2811 D
1354 2791 1397 2821 29
1420 2781 1664 2823 compositum]
1683 2788 1786 2823 caput
1802 2783 1836 2814 F

290 2837 334 2866 30
357 2829 492 2871 eorum]
511 2829 644 2862 illorum
660 2830 696 2862 D
828 2841 868 2872 31
894 2832 1038 2874 scilicet]
1060 2833 1247 2864 secundum
1264 2832 1298 2864 F
1379 2837 1413 2865 et
1429 2843 1498 2866 om.
1516 2833 1549 2864 F

1873 2939 1905 3152 -ssae-—fflssss
1889 2838 1905 2923 2*ss
1905 2814 1907 2818 ,
1900 2758 1901 2761 Α
1901 2717 1904 2723 «
