1934 3152
814 121 891 149 111

81 236 185 265 vero
221 223 340 277 quod
363 228 431 263 est
456 235 618 263 nomen
650 223 720 264 vel
751 225 934 266 verbum
967 225 1037 266 vel
1068 226 1364 280 participium,
1394 228 1454 269 sic
1486 228 1621 272 habet

81 305 236 335 vocem
260 291 541 334 manifestam
575 299 620 334 et
651 292 906 347 perfectam,
929 295 1032 348 quia
1053 296 1272 350 perfectus
1295 304 1361 338 est
1384 305 1623 352 conceptus

81 362 362 414 deliberatus,
385 367 428 403 et
451 361 551 404 ideo
573 362 778 404 dicuntur
809 364 1056 419 significare
1077 379 1156 418 per
1178 366 1361 406 modum
1384 374 1624 422 conceptus

81 432 192 487 puri,
214 445 293 474 nec
321 431 457 472 homo
489 438 670 486 propter
700 431 785 474 hoc
816 432 1001 475 afficitur
1032 434 1196 486 dolore,
1219 441 1285 476 set
1318 435 1533 478 deliberat
1566 451 1624 478 ex

45 507 309 555 5conceptu,
342 507 387 542 et
418 501 518 542 ideo
551 502 585 542 si
618 502 766 544 anima
799 503 1029 545 racionalis
1062 504 1202 545 multa
1238 505 1331 558 agit
1368 505 1625 547 naturaliter

81 571 273 626 quando,
309 570 486 621 scilicet,
525 584 612 611 non
650 571 875 624 deliberat,
913 579 1018 615 tunc
1054 573 1262 627 quicquid
1304 574 1434 616 bruta
1470 582 1624 629 agunt,

80 641 247 684 faciunt
282 640 554 691 naturaliter,
591 641 694 694 quia
736 655 825 682 non
865 642 1121 684 deliberant.
1199 643 1331 685 Unde
1368 658 1503 698 opera
1537 659 1624 699 que

80 711 277 752 maxime
328 709 626 752 assimilantur
671 711 878 765 operibus
925 712 1111 753 racionis
1162 719 1266 754 sunt
1317 714 1537 755 naturalia
1579 715 1621 756 in

78 781 230 832 brutis,
252 780 363 822 sicut
390 793 550 821 aranea
579 779 683 822 facit
708 781 854 830 telam,
877 788 921 824 et
946 782 1041 836 apis
1072 783 1255 823 domum
1287 796 1549 838 exagonam,
1579 792 1622 826 et

22 867 62 890 10
78 850 252 905 yrundo
282 850 452 899 nidum,
478 856 522 891 et
554 850 820 904 hujusmodi,
853 858 897 892 et
928 850 1024 900 alia,
1055 857 1099 892 et
1130 852 1279 893 omnia
1309 866 1443 907 opera
1475 855 1622 895 anime

77 920 325 975 vegetative
345 933 432 973 que
454 925 556 960 sunt
585 920 749 960 nutrire
772 926 815 961 et
843 919 849 973 Ι
876 926 1131 962 aumentare
1160 927 1204 962 et
1235 935 1453 974 generare,
1474 923 1621 964 cibum
1641 930 1677 961 F.
1696 940 1735 972 92
1755 931 1777 962 b
1795 940 1821 962 2.

79 989 288 1043 digerere,
327 989 550 1031 attrahere
586 988 704 1040 utile,
741 988 965 1044 expellere
990 990 1259 1044 superfluum
1285 1004 1364 1045 per
1386 992 1556 1033 urinam
1577 999 1620 1034 et

78 1059 344 1114 hujusmodi,
378 1058 566 1100 retinere
604 1059 723 1113 quod
762 1061 1054 1101 necessarium
1097 1067 1164 1102 est
1204 1061 1409 1110 nutribili,
1446 1062 1536 1103 sive
1576 1063 1621 1103 in

78 1128 332 1170 hominibus
372 1129 464 1170 sive
505 1128 549 1169 in
590 1129 729 1170 brutis
768 1127 773 1183 Ι
813 1129 905 1171 sive
941 1130 984 1170 in
1026 1130 1201 1184 plantis,
1242 1136 1343 1171 sunt
1388 1131 1618 1173 naturales.
1643 1144 1762 1176 3131-

22 1215 59 1248 15
79 1198 205 1240 Licet
246 1198 513 1240 Aristoteles
554 1198 685 1250 dicat,
726 1200 921 1241 secundo
964 1199 1033 1240 De
1078 1199 1258 1250 Anima,
1301 1200 1422 1253 quod
1467 1208 1622 1242 natura

78 1275 285 1322 operatur
311 1268 354 1309 in
384 1275 554 1322 partem
584 1282 715 1310 unam
745 1275 934 1321 tantum,
956 1270 1069 1310 sicut
1096 1269 1210 1323 ignis
1236 1283 1405 1310 sursum
1437 1276 1481 1311 et
1509 1276 1622 1312 terra

78 1339 298 1389 deorsum,
318 1343 385 1379 set
406 1338 556 1379 anima
583 1338 626 1379 in
655 1352 832 1380 omnem
865 1346 1048 1393 partem,
1078 1338 1182 1393 quia
1212 1339 1348 1380 mittit
1382 1339 1620 1381 nutrimen—

77 1415 173 1449 tum
204 1408 261 1449 ad
294 1413 441 1462 partes
469 1408 713 1462 superiores
745 1414 789 1449 et
821 1407 1046 1450 inferiores
1078 1415 1122 1449 et
1151 1408 1314 1462 ubique
1348 1409 1392 1448 in
1427 1422 1618 1464 corpore.

79 1476 158 1519 Set
179 1477 263 1518 hoc
284 1477 470 1519 solvitur
495 1478 599 1532 quia
625 1484 779 1520 natura
806 1478 966 1520 dicitur
988 1479 1160 1520 duobus
1191 1479 1346 1529 modis,
1371 1492 1456 1519 uno
1487 1480 1620 1520 modo

19 1565 60 1587 20
77 1547 354 1602 generaliter,
391 1554 439 1589 ut
471 1554 538 1589 est
568 1548 706 1588 virtus
743 1561 927 1602 operans
959 1548 1054 1590 sine
1089 1547 1404 1590 deliberacione
1438 1549 1621 1589 racionis

78 1624 124 1659 et
155 1617 371 1659 eleccione
391 1616 647 1669 voluntatis,
667 1617 794 1659 aliter
819 1617 1066 1671 specialiter
1092 1617 1250 1658 dicitur
1276 1623 1319 1658 et
1345 1617 1549 1668 districte,
1573 1624 1620 1659 ut

78 1693 145 1728 est
188 1687 326 1728 virtus
367 1701 554 1741 operans
595 1687 734 1728 divisa
776 1694 930 1729 contra
971 1687 1178 1738 animam,
1225 1687 1285 1728 sic
1326 1687 1485 1740 accipit
1516 1687 1619 1728 Ari-

77 1755 269 1808 stoteles,
298 1757 493 1798 secundo
524 1756 593 1798 De
623 1756 802 1806 Anima,
824 1764 892 1798 set
923 1757 1116 1797 secundo
1151 1755 1430 1797 th'sz'corum
1459 1757 1619 1810 accipit

76 1826 208 1880 priori
231 1826 376 1868 modo.
442 1826 502 1867 Et
524 1827 559 1868 si
582 1826 730 1867 anima
752 1826 795 1866 in
818 1825 979 1880 plantis
1002 1833 1045 1868 et
1068 1826 1111 1866 in
1134 1825 1396 1867 animalibus
1422 1826 1512 1879 agit
1542 1840 1620 1880 per

19 1914 58 1945 25
76 1901 292 1949 naturam,
313 1902 419 1937 tunc
443 1895 583 1937 multo
607 1896 746 1950 magis
767 1896 904 1937 virtus
926 1909 1062 1949 agens
1085 1896 1126 1936 in
1149 1895 1377 1936 elementis
1399 1901 1442 1936 et
1466 1895 1619 1936 mixtis

77 1971 121 2005 et
142 1964 185 2005 in
208 1965 413 2007 omnibus
436 1965 687 2007 inanimatis
709 1965 788 2006 erit
810 1965 1033 2016 naturalis,
1055 1965 1160 2018 quia
1181 1964 1240 2005 ibi
1266 1964 1398 2006 nichil
1422 1971 1486 2006 est
1508 1964 1617 2006 deli-

77 2035 325 2077 berativum
347 2049 426 2077 nec
443 2034 586 2076 simile
609 2035 932 2076 deliberacioni.

141 2171 390 2227 Capitulum
423 2172 657 2214 secundum
687 2173 739 2213 de
763 2179 927 2214 natura
957 2172 1210 2226 explicanda
1240 2172 1471 2214 secundum
1503 2173 1616 2227 diffi-

77 2243 286 2283 nicionem
307 2241 574 2283 Aristotelis.

17 2352 59 2383 30
137 2335 265 2375 Nunc
299 2333 479 2375 ulterius
513 2333 777 2387 exponenda
815 2339 880 2374 est
923 2341 1079 2375 natura
1113 2340 1157 2375 et
1199 2333 1341 2386 primo
1377 2334 1616 2376 secundum

77 2403 389 2445 diffinicionem
423 2402 673 2444 Aristotelis
704 2403 779 2456 qui
810 2403 915 2452 vult,
947 2404 1139 2445 secundo
1172 2402 1464 2455 Plzz‘sz'corum,
1498 2405 1616 2457 quod

77 2480 234 2515 natura
254 2474 310 2515 sit
333 2472 595 2526 principium
619 2478 764 2513 motus
787 2478 830 2513 et
847 2473 1004 2526 quietis
1027 2473 1130 2527 ejus,
1154 2473 1195 2513 in
1218 2486 1306 2526 quo
1319 2479 1384 2514 est
1406 2486 1485 2527 per
1506 2487 1553 2515 se
1574 2481 1619 2516 et

120 2585 164 2615 23
189 2577 355 2607 secundo
372 2573 628 2615 Phisieorum]
646 2573 667 2605 l.
685 2574 730 2615 iii,
751 2584 778 2606 c.
802 2585 829 2606 1.

124 2674 138 2694 1
163 2664 306 2695 verbum
324 2664 396 2704 vel]
415 2664 555 2695 verbum
573 2662 608 2693 D
719 2673 739 2702 4
764 2662 823 2704 ex]
842 2663 884 2694 de
901 2663 936 2693 D
1050 2674 1067 2702 7
1091 2662 1184 2704 quia]
1204 2668 1237 2694 et
1254 2663 1289 2694 D
1399 2664 1420 2694 8
1445 2664 1478 2695 in
1496 2675 1563 2697 om.
1582 2665 1617 2696 D

80 2725 120 2747 10
136 2721 170 2747 et
181 2716 262 2758 alia]
275 2716 340 2748 alia
350 2716 416 2746 FD
486 2727 524 2755 14
541 2716 598 2747 alt.
611 2716 683 2746 sive
695 2726 761 2746 om.
774 2715 808 2745 D
879 2725 919 2755 15
935 2717 1024 2755 quod
1039 2717 1174 2758 natura]
1190 2717 1342 2756 quamvis
1354 2716 1388 2746 D
1458 2719 1498 2748 16
1512 2718 1615 2760 sieut]

77 2772 114 2798 ut
127 2767 192 2798 FD
302 2779 340 2799 21
369 2767 540 2809 districte]
555 2768 671 2799 stricte
684 2767 749 2798 FD
860 2778 901 2807 24
927 2773 960 2800 et
978 2767 1028 2810 in]
1047 2774 1080 2800 et
1097 2768 1161 2799 FD
1280 2769 1389 2809 28-29
1413 2770 1618 2810 explicanda

73 2819 297 2860 (exponenda
313 2820 365 2861 F)
385 2846 391 2852 .
411 2845 418 2853 .
438 2845 445 2853 .
465 2819 661 2851 Aristotelis
677 2831 743 2852 om.
760 2819 795 2850 D
