1934 3152
126 1224 250 1255 3522.

1008 49 1089 92 126

269 163 519 219 compositi,
547 165 664 207 unde
691 164 727 206 si
755 164 993 219 loquamur
1014 165 1070 206 de
1091 165 1380 219 generacione
1402 163 1705 207 universaliter
1727 170 1819 206 tam

269 235 512 289 specierum
545 242 590 278 et
625 235 964 277 similitudinum
999 235 1074 288 qui
1108 241 1211 277 sunt
1244 234 1424 278 effectus
1460 235 1729 289 incompleti,
1765 235 1820 276 de

269 305 430 358 quibus
445 305 612 348 dictum
635 311 702 346 est
729 305 772 346 in
795 311 921 360 parte
943 305 1086 360 prima
1107 304 1236 359 hujus
1257 305 1413 360 operis,
1426 315 1561 360 quam
1584 304 1820 350 effectuum

270 375 595 430 completorum
633 382 679 417 et
721 375 927 416 similium
969 375 1204 428 agentibus
1240 375 1420 417 nomine
1456 381 1501 416 et
1541 374 1823 426 diffinicione,

269 445 467 486 dicemus
504 445 626 499 quod
659 444 911 486 substancia
944 445 1115 499 generis
1151 445 1484 499 generalissimi,
1514 445 1605 486 sive
1636 459 1663 486 a
1694 450 1821 498 parte
1843 461 1861 494 5

268 515 515 568 compositi,
537 515 627 556 sive
655 528 681 555 a
707 521 832 568 parte
864 515 1047 556 materie
1079 515 1183 569 ejus,
1207 516 1298 556 sive
1327 529 1353 556 a
1379 522 1504 570 parte
1535 514 1676 556 forme
1708 514 1821 555 illius

269 584 522 638 compositi,
559 590 625 626 est
661 584 805 639 prima
843 584 1024 625 materia
1067 590 1112 626 et
1149 584 1413 635 universalis,
1445 591 1489 626 et
1524 586 1717 627 secunda
1753 591 1821 626 est

270 653 519 694 substancia
550 667 770 708 corporea,
808 660 852 695 et
888 654 1033 705 tercia,
1061 654 1096 695 si
1134 654 1487 696 descenderimus
1518 654 1575 696 ad
1618 654 1821 696 inferiora

270 723 347 764 ubi
398 730 466 765 est
515 724 741 778 completa
792 724 1033 777 generacio,
1076 730 1142 766 est
1182 724 1433 766 substancia
1473 738 1683 779 corporea
1732 737 1821 766 non

269 792 453 844 celestis,
471 799 516 835 et
537 799 695 848 quarta
720 794 912 835 mixtum
935 794 976 835 in
999 794 1228 836 universali
1250 793 1364 836 si’ad
1387 794 1616 836 materiam
1640 793 1821 848 alicujus
1844 811 1883 834 10

270 864 402 904 mixti
434 869 483 905 ut
514 863 707 904 hominis
739 864 1072 915 descendemus,
1095 870 1139 906 et
1171 865 1327 918 quinta
1352 878 1504 906 semen
1531 863 1751 915 animalis,
1776 870 1821 905 et

268 940 399 974 sexta
434 933 696 988 vegetabile,
731 940 776 975 et
813 934 1002 986 septima
1038 933 1244 975 sensibile
1284 934 1405 988 quod
1447 940 1515 976 est
1556 933 1733 985 animal,
1772 940 1820 975 ut

267 1003 449 1044 tandem
467 1003 524 1045 ad
541 1003 768 1044 hominem
782 1004 995 1046 veniatur,
1049 1004 1110 1045 Et
1124 1003 1204 1045 hec
1219 1003 1506 1057 intelligenda
1523 1010 1626 1045 sunt
1642 1004 1686 1044 in
1703 1003 1820 1044 linea

268 1072 581 1114 universalium
600 1081 647 1114 ut
671 1074 713 1114 in
739 1073 855 1115 linea
877 1072 1177 1127 singularium,
1201 1087 1303 1115 nam
1325 1074 1434 1115 sicut
1451 1073 1705 1115 substancia
1722 1074 1818 1114 uni-

269 1142 449 1182 versalis
471 1148 537 1183 est
564 1142 608 1183 in
638 1142 847 1197 potencia
869 1148 912 1184 et
936 1144 1120 1184 materia
1140 1143 1197 1184 ad
1218 1157 1388 1197 corpuS,
1410 1148 1454 1184 et
1476 1156 1634 1198 corpus
1655 1143 1714 1184 ad
1734 1142 1820 1184 alia
1844 1156 1881 1187 15

270 1211 533 1254 universalia
561 1210 566 1266 Ι
594 1211 849 1253 subalterna
880 1226 1019 1266 usque
1051 1213 1106 1254 ad
1139 1211 1316 1261 animal,
1339 1219 1382 1254 et
1411 1212 1575 1254 animal
1604 1226 1743 1267 usque
1763 1213 1819 1254 ad

270 1281 509 1334 hominem,
532 1283 593 1323 sic
619 1282 701 1324 hec
728 1283 980 1324 substancia
1007 1284 1063 1324 ad
1090 1282 1175 1325 hoc
1196 1297 1366 1338 corpuS‚
1390 1289 1434 1324 et
1462 1282 1546 1324 hoc
1575 1296 1735 1337 corpus
1761 1284 1818 1324 ad

268 1351 356 1393 alia
387 1351 613 1393 individua
644 1366 855 1406 generum
888 1351 1241 1394 subalternorum
1268 1366 1406 1407 usque
1436 1353 1493 1394 ad
1526 1353 1611 1395 hoc
1641 1352 1818 1403 animal,

270 1428 315 1463 et
346 1421 430 1463 hoc
458 1422 624 1464 animal
657 1436 794 1476 usque
818 1422 875 1464 ad
901 1422 1015 1464 hunc
1045 1423 1283 1465 hominem.
1346 1422 1407 1464 Et
1435 1423 1595 1465 eodem
1619 1423 1753 1464 modo
1775 1423 1818 1463 in

270 1490 422 1532 formis
464 1492 554 1533 sive
596 1491 854 1533 formalibus
897 1493 1132 1547 principiis,
1174 1507 1277 1534 nam
1319 1506 1494 1547 semper
1539 1506 1606 1534 res
1649 1492 1819 1546 generis
1841 1507 1882 1529 20

269 1562 524 1616 posterioris
554 1562 810 1604 immediate
842 1570 908 1605 est
935 1562 1120 1604 formale
1150 1569 1350 1616 respectu
1383 1562 1550 1616 prioris,
1579 1569 1627 1604 ut
1657 1575 1818 1616 corpus

269 1638 469 1686 respectu
498 1632 760 1682 substancie,
785 1638 828 1673 et
859 1632 918 1674 sic
950 1632 1132 1673 ulterius
1162 1646 1300 1686 usque
1329 1633 1385 1673 ad
1412 1630 1588 1684 animal,
1611 1639 1655 1673 et
1681 1632 1817 1673 homo

270 1709 471 1756 respectu
498 1701 710 1753 animalis,
733 1709 777 1744 et
802 1702 864 1743 sic
892 1703 934 1743 in
964 1702 1212 1752 individuis,
1235 1708 1284 1743 ut
1310 1701 1393 1743 hoc
1424 1715 1584 1757 corpus
1615 1708 1816 1756 respectu

270 1772 401 1826 hujus
437 1772 701 1825 substancie,
734 1778 778 1813 et
810 1772 872 1813 sic
905 1772 1087 1813 ulterius
1125 1786 1353 1827 usquequo
1391 1772 1664 1813 individuum
1698 1785 1816 1813 com-

270 1841 440 1896 pletum
473 1842 515 1883 in
539 1855 633 1883 esse
660 1841 865 1896 specifico
898 1843 954 1884 sit
983 1841 1188 1883 ultimum
1221 1841 1406 1883 formale
1437 1849 1639 1895 respectu
1662 1842 1816 1883 indivi·
1839 1856 1877 1888 25

269 1911 458 1952 duorum
482 1912 681 1953 omnium
703 1926 926 1966 generum,
952 1918 997 1953 et
1025 1912 1084 1955 sic
1113 1926 1139 1952 a
1171 1918 1296 1967 parte
1317 1912 1455 1953 forme
1477 1925 1565 1965 que
1586 1917 1654 1953 est
1675 1910 1816 1953 altera

271 1995 370 2034 pars
391 1982 638 2035 compositi,
657 1982 893 2023 dicendum
917 1988 983 2023 est
1004 1981 1122 2036 quod
1142 1980 1282 2022 forma
1300 1981 1429 2036 primi
1447 1981 1617 2036 generis
1640 1987 1706 2022 est
1722 1982 1815 2022 uni-

270 2050 463 2101 versalis,
481 2057 525 2091 et
548 2051 726 2092 secundi
750 2058 817 2092 est
839 2051 983 2093 minus
1005 2047 1273 2102 universalis,
1290 2058 1335 2092 et
1356 2050 1417 2092 sic
1439 2050 1634 2104 ulterius,
1656 2063 1816 2104 usque-

271 2133 360 2173 quo
387 2120 590 2161 veniatur
617 2121 672 2161 ad
698 2121 885 2162 formam
913 2120 1071 2175 speciei
1100 2121 1381 2173 subalterne;
1413 2127 1457 2162 et
1489 2121 1647 2162 eodem
1681 2121 1817 2162 modo

271 2191 327 2231 de
349 2190 534 2231 materia
556 2203 780 2242 generum.
840 2189 900 2231 Et
922 2189 1122 2230 similiter
1144 2189 1185 2230 in
1210 2190 1444 2231 individuis
1463 2191 1644 2232 materie
1666 2190 1813 2243 singu·
1836 2205 1878 2236 30

270 2259 374 2300 laris
400 2266 445 2301 et
472 2259 611 2300 forme
639 2259 873 2313 singularis
900 2260 1098 2300 omnium
1120 2273 1346 2314 generum.
1390 2260 1450 2302 Et
1472 2261 1515 2301 in
1538 2260 1816 2318 istis-causis,

270 2342 423 2370 verum
452 2335 518 2371 est
549 2330 670 2382 quod
699 2329 796 2383 plus
830 2328 969 2371 influit
1001 2343 1132 2370 causa
1164 2329 1419 2372 universalis
1451 2343 1585 2384 quam
1619 2330 1813 2383 particu-

270 2398 384 2448 laris,
417 2404 461 2439 et
492 2398 575 2440 hoc
607 2405 822 2452 quantum
854 2399 910 2440 ad
943 2398 1278 2440 continuitatem
1312 2399 1554 2452 influencie,
1584 2405 1634 2440 ut
1664 2398 1813 2453 priora

269 2481 432 2522 genera
458 2474 688 2509 remanent
723 2468 896 2509 diucius
937 2469 979 2508 in
1011 2468 1157 2522 specie
1192 2468 1465 2523 corruptibili
1493 2481 1628 2522 quarn
1662 2475 1812 2521 poste-

316 2574 335 2593 2
369 2563 587 2605 incompleti]
612 2564 828 2604 incompositi
857 2564 892 2594 D
1110 2565 1131 2595 8
1166 2564 1460 2606 descenderimus]
1485 2563 1726 2596 descendimus
1750 2563 1814 2594 FD

275 2625 315 2646 10
338 2615 475 2657 quarta]
494 2621 591 2648 extra
608 2616 640 2647 F
770 2627 809 2647 12
834 2616 996 2658 septima]
1014 2616 1080 2648 alia
1097 2617 1130 2647 F
1239 2627 1278 2657 14
1303 2617 1355 2659 ut]
1374 2622 1407 2648 et
1423 2616 1489 2647 FD
1624 2626 1662 2656 15
1687 2626 1813 2655 corpus

271 2668 314 2698 ad
332 2678 397 2699 om.
418 2668 451 2698 F
535 2669 578 2700 ad
595 2668 676 2711 alia]
694 2669 849 2700 animalia
866 2669 901 2700 D
1030 2680 1067 2709 17
1092 2670 1157 2701 hoc
1174 2679 1300 2711 corpus
1314 2671 1356 2701 ad
1373 2679 1440 2702 om.
1457 2668 1492 2699 F
1621 2670 1661 2699 18
1684 2668 1813 2710 aliqua]

274 2720 339 2750 alia
355 2720 420 2750 FD
608 2732 647 2752 21
675 2722 894 2764 posterioris]
913 2722 1083 2763 posterius
1099 2722 1133 2752 F
1305 2723 1346 2754 28
1370 2720 1559 2763 usquequo]
1579 2731 1688 2762 usque
1705 2720 1814 2753 MSS.

271 2771 444 2813 veniatur]
463 2773 665 2805 adveniatur
682 2774 716 2805 F
844 2784 884 2815 31
910 2774 1018 2806 causis
1035 2785 1100 2807 om.
1118 2774 1152 2806 F
