<?xml version="1.0" encoding="UTF-8"?>
<!DOCTYPE html PUBLIC "-//W3C//DTD XHTML 1.0 Transitional//EN"
    "http://www.w3.org/TR/xhtml1/DTD/xhtml1-transitional.dtd">
<html xmlns="http://www.w3.org/1999/xhtml" xml:lang="en" lang="en">
 <head>
  <title>
</title>
<meta http-equiv="Content-Type" content="text/html;charset=utf-8" />
  <meta name='ocr-system' content='tesseract 3.04.00' />
  <meta name='ocr-capabilities' content='ocr_page ocr_carea ocr_par ocr_line ocrx_word'/>
</head>
<body>
  <div class='ocr_page' id='page_1' title='image "./operahactenusine02baco_0149.png"; bbox 0 0 1934 3152; ppageno 0'>
   <div class='ocr_carea' id='block_1_1' title="bbox 823 128 903 172">
    <p class='ocr_par' dir='ltr' id='par_1_1' title="bbox 823 128 903 172">
     <span class='ocr_line' id='line_1_1' title="bbox 823 128 903 172; baseline 0 0"><span class='ocrx_word' id='word_1_1' title='bbox 823 128 903 172; x_wconf 80' lang='lat'><strong>135</strong></span> 
     </span>
    </p>
   </div>
   <div class='ocr_carea' id='block_1_2' title="bbox 30 229 1778 2645">
    <p class='ocr_par' dir='ltr' id='par_1_2' title="bbox 30 229 1778 2645">
     <span class='ocr_line' id='line_1_2' title="bbox 87 229 1627 287; baseline 0.004 -14"><span class='ocrx_word' id='word_1_2' title='bbox 87 237 236 287; x_wconf 89' lang='lat' dir='ltr'><strong>potest</strong></span> <span class='ocrx_word' id='word_1_3' title='bbox 274 229 366 272; x_wconf 88' lang='lat' dir='ltr'><strong>fieri</strong></span> <span class='ocrx_word' id='word_1_4' title='bbox 397 230 546 272; x_wconf 89' lang='lat' dir='ltr'><strong>multis</strong></span> <span class='ocrx_word' id='word_1_5' title='bbox 579 232 634 272; x_wconf 92' lang='lat' dir='ltr'><strong>de</strong></span> <span class='ocrx_word' id='word_1_6' title='bbox 664 232 814 281; x_wconf 90' lang='lat' dir='ltr'><strong>causis,</strong></span> <span class='ocrx_word' id='word_1_7' title='bbox 850 238 926 273; x_wconf 90' lang='lat' dir='ltr'><strong>aut</strong></span> <span class='ocrx_word' id='word_1_8' title='bbox 960 246 1017 273; x_wconf 86' lang='lat' dir='ltr'><strong>ex</strong></span> <span class='ocrx_word' id='word_1_9' title='bbox 1052 234 1375 276; x_wconf 86' lang='lat' dir='ltr'>commixtione</span> <span class='ocrx_word' id='word_1_10' title='bbox 1412 238 1627 279; x_wconf 86' lang='lat' dir='ltr'><strong>seminum</strong></span> 
     </span>
     <span class='ocr_line' id='line_1_3' title="bbox 87 300 1629 354; baseline 0.005 -12"><span class='ocrx_word' id='word_1_11' title='bbox 87 301 360 343; x_wconf 87' lang='lat' dir='ltr'><strong>diversorum</strong></span> <span class='ocrx_word' id='word_1_12' title='bbox 392 300 665 354; x_wconf 87' lang='lat' dir='ltr'><strong>animalium,</strong></span> <span class='ocrx_word' id='word_1_13' title='bbox 686 308 761 342; x_wconf 86' lang='lat' dir='ltr'><strong>aut</strong></span> <span class='ocrx_word' id='word_1_14' title='bbox 795 314 852 342; x_wconf 86' lang='lat' dir='ltr'><strong>ex</strong></span> <span class='ocrx_word' id='word_1_15' title='bbox 881 301 1059 343; x_wconf 79' lang='lat' dir='ltr'>accione</span> <span class='ocrx_word' id='word_1_16' title='bbox 1085 302 1312 344; x_wconf 85' lang='lat' dir='ltr'><strong>celestium</strong></span> <span class='ocrx_word' id='word_1_17' title='bbox 1335 305 1561 353; x_wconf 86' lang='lat' dir='ltr'><strong>virtutum,</strong></span> <span class='ocrx_word' id='word_1_18' title='bbox 1586 315 1629 349; x_wconf 88' lang='lat' dir='ltr'><strong>et</strong></span> 
     </span>
     <span class='ocr_line' id='line_1_4' title="bbox 87 370 1630 426; baseline 0.003 -14"><span class='ocrx_word' id='word_1_19' title='bbox 87 370 225 422; x_wconf 90' lang='lat' dir='ltr'><strong>aliter,</strong></span> <span class='ocrx_word' id='word_1_20' title='bbox 243 370 483 412; x_wconf 90' lang='lat' dir='ltr'><strong>secundum</strong></span> <span class='ocrx_word' id='word_1_21' title='bbox 507 371 626 423; x_wconf 86' lang='lat' dir='ltr'><strong>quod</strong></span> <span class='ocrx_word' id='word_1_22' title='bbox 650 376 825 412; x_wconf 83' lang='lat' dir='ltr'>autores</span> <span class='ocrx_word' id='word_1_23' title='bbox 847 371 1015 413; x_wconf 86' lang='lat' dir='ltr'><strong>docent.</strong></span> <span class='ocrx_word' id='word_1_24' title='bbox 1076 371 1155 413; x_wconf 86' lang='lat' dir='ltr'><strong>Set</strong></span> <span class='ocrx_word' id='word_1_25' title='bbox 1177 373 1387 426; x_wconf 90' lang='lat' dir='ltr'><strong>quoniam</strong></span> <span class='ocrx_word' id='word_1_26' title='bbox 1411 374 1493 415; x_wconf 89' lang='lat' dir='ltr'><strong>hec</strong></span> <span class='ocrx_word' id='word_1_27' title='bbox 1520 375 1630 417; x_wconf 89' lang='lat' dir='ltr'><strong>fiunt</strong></span> 
     </span>
     <span class='ocr_line' id='line_1_5' title="bbox 87 439 1627 500; baseline 0.003 -20"><span class='ocrx_word' id='word_1_28' title='bbox 87 453 113 481; x_wconf 91' lang='lat' dir='ltr'><strong>a</strong></span> <span class='ocrx_word' id='word_1_29' title='bbox 130 446 297 490; x_wconf 87' lang='lat' dir='ltr'><strong>natura,</strong></span> <span class='ocrx_word' id='word_1_30' title='bbox 311 439 539 493; x_wconf 91' lang='lat' dir='ltr'><strong>quomodo</strong></span> <span class='ocrx_word' id='word_1_31' title='bbox 563 439 693 480; x_wconf 85' lang='lat' dir='ltr'><strong>faciet</strong></span> <span class='ocrx_word' id='word_1_32' title='bbox 710 454 761 481; x_wconf 92' lang='lat' dir='ltr'><strong>ea</strong></span> <span class='ocrx_word' id='word_1_33' title='bbox 779 440 872 481; x_wconf 90' lang='lat' dir='ltr'><strong>sine</strong></span> <span class='ocrx_word' id='word_1_34' title='bbox 890 440 1136 482; x_wconf 85' lang='lat' dir='ltr'><strong>intencione</strong></span> <span class='ocrx_word' id='word_1_35' title='bbox 1152 447 1449 496; x_wconf 88' lang='lat' dir='ltr'><strong>quacunque?</strong></span> <span class='ocrx_word' id='word_1_36' title='bbox 1473 457 1607 497; x_wconf 90' lang='lat' dir='ltr'><strong>quare</strong></span> <span class='ocrx_word' id='word_1_37' title='bbox 1624 444 1627 500; x_wconf 62' lang='lat' dir='ltr'><strong>l</strong></span> 
     </span>
     <span class='ocr_line' id='line_1_6' title="bbox 49 507 1773 563; baseline 0.003 -12"><span class='ocrx_word' id='word_1_38' title='bbox 49 530 66 561; x_wconf 89' lang='lat'>5</span> <span class='ocrx_word' id='word_1_39' title='bbox 87 509 343 563; x_wconf 87' lang='lat' dir='ltr'><strong>operabitur</strong></span> <span class='ocrx_word' id='word_1_40' title='bbox 376 509 419 549; x_wconf 91' lang='lat' dir='ltr'><strong>in</strong></span> <span class='ocrx_word' id='word_1_41' title='bbox 454 507 721 551; x_wconf 89' lang='lat' dir='ltr'><strong>formacione</strong></span> <span class='ocrx_word' id='word_1_42' title='bbox 756 523 907 551; x_wconf 92' lang='lat' dir='ltr'><strong>eorum</strong></span> <span class='ocrx_word' id='word_1_43' title='bbox 941 510 976 550; x_wconf 87' lang='lat' dir='ltr'><strong>si</strong></span> <span class='ocrx_word' id='word_1_44' title='bbox 1013 524 1101 551; x_wconf 90' lang='lat' dir='ltr'><strong>non</strong></span> <span class='ocrx_word' id='word_1_45' title='bbox 1140 511 1342 553; x_wconf 91' lang='lat' dir='ltr'><strong>intendat</strong></span> <span class='ocrx_word' id='word_1_46' title='bbox 1378 517 1458 554; x_wconf 87' lang='lat' dir='ltr'><strong>ea?</strong></span> <span class='ocrx_word' id='word_1_47' title='bbox 1527 514 1629 554; x_wconf 92' lang='lat' dir='ltr'><strong>Non</strong></span> <span class='ocrx_word' id='word_1_48' title='bbox 1650 519 1773 558; x_wconf 77' lang='lat' dir='ltr'><strong>37b2-</strong></span> 
     </span>
     <span class='ocr_line' id='line_1_7' title="bbox 88 579 1628 635; baseline 0.003 -16"><span class='ocrx_word' id='word_1_49' title='bbox 88 579 208 620; x_wconf 90' lang='lat' dir='ltr'><strong>enim</strong></span> <span class='ocrx_word' id='word_1_50' title='bbox 267 583 475 632; x_wconf 84' lang='lat' dir='ltr'><strong>operatur</strong></span> <span class='ocrx_word' id='word_1_51' title='bbox 529 587 711 632; x_wconf 90' lang='lat' dir='ltr'><strong>propter</strong></span> <span class='ocrx_word' id='word_1_52' title='bbox 767 579 896 619; x_wconf 88' lang='lat' dir='ltr'><strong>nichil</strong></span> <span class='ocrx_word' id='word_1_53' title='bbox 950 586 1052 632; x_wconf 92' lang='lat' dir='ltr'><strong>post</strong></span> <span class='ocrx_word' id='word_1_54' title='bbox 1106 579 1422 623; x_wconf 87' lang='lat' dir='ltr'><strong>formacionem</strong></span> <span class='ocrx_word' id='word_1_55' title='bbox 1486 583 1628 635; x_wconf 90' lang='lat' dir='ltr'><strong>quinti</strong></span> 
     </span>
     <span class='ocr_line' id='line_1_8' title="bbox 87 648 1630 705; baseline 0.003 -16"><span class='ocrx_word' id='word_1_56' title='bbox 87 648 230 702; x_wconf 82' lang='lat' dir='ltr'><strong>digiti,</strong></span> <span class='ocrx_word' id='word_1_57' title='bbox 249 653 439 689; x_wconf 83' lang='lat' dir='ltr'><strong>cessaret</strong></span> <span class='ocrx_word' id='word_1_58' title='bbox 462 648 577 688; x_wconf 91' lang='lat' dir='ltr'><strong>enim</strong></span> <span class='ocrx_word' id='word_1_59' title='bbox 600 649 635 688; x_wconf 92' lang='lat' dir='ltr'><strong>si</strong></span> <span class='ocrx_word' id='word_1_60' title='bbox 658 661 746 689; x_wconf 90' lang='lat' dir='ltr'><strong>non</strong></span> <span class='ocrx_word' id='word_1_61' title='bbox 771 649 1018 690; x_wconf 89' lang='lat' dir='ltr'><strong>intenderet</strong></span> <span class='ocrx_word' id='word_1_62' title='bbox 1034 648 1202 703; x_wconf 89' lang='lat' dir='ltr'><strong>aliquid</strong></span> <span class='ocrx_word' id='word_1_63' title='bbox 1227 650 1345 692; x_wconf 88' lang='lat' dir='ltr'><strong>boni.</strong></span> <span class='ocrx_word' id='word_1_64' title='bbox 1399 652 1460 694; x_wconf 90' lang='lat' dir='ltr'><strong>Et</strong></span> <span class='ocrx_word' id='word_1_65' title='bbox 1481 659 1630 705; x_wconf 89' lang='lat' dir='ltr'><strong>potest</strong></span> 
     </span>
     <span class='ocr_line' id='line_1_9' title="bbox 89 717 1629 774; baseline 0.003 -15"><span class='ocrx_word' id='word_1_66' title='bbox 89 717 175 759; x_wconf 91' lang='lat' dir='ltr'><strong>dici</strong></span> <span class='ocrx_word' id='word_1_67' title='bbox 208 717 329 771; x_wconf 86' lang='lat' dir='ltr'><strong>quod</strong></span> <span class='ocrx_word' id='word_1_68' title='bbox 363 724 570 771; x_wconf 86' lang='lat' dir='ltr'><strong>operatur</strong></span> <span class='ocrx_word' id='word_1_69' title='bbox 600 724 780 759; x_wconf 86' lang='lat' dir='ltr'><strong>sextum</strong></span> <span class='ocrx_word' id='word_1_70' title='bbox 813 718 1015 771; x_wconf 85' lang='lat' dir='ltr'><strong>digitum,</strong></span> <span class='ocrx_word' id='word_1_71' title='bbox 1047 725 1115 759; x_wconf 90' lang='lat' dir='ltr'><strong>set</strong></span> <span class='ocrx_word' id='word_1_72' title='bbox 1147 733 1234 760; x_wconf 92' lang='lat' dir='ltr'><strong>non</strong></span> <span class='ocrx_word' id='word_1_73' title='bbox 1269 727 1449 774; x_wconf 90' lang='lat' dir='ltr'><strong>propter</strong></span> <span class='ocrx_word' id='word_1_74' title='bbox 1480 735 1538 774; x_wconf 90' lang='lat' dir='ltr'><strong>se,</strong></span> <span class='ocrx_word' id='word_1_75' title='bbox 1563 729 1629 763; x_wconf 92' lang='lat' dir='ltr'><strong>set</strong></span> 
     </span>
     <span class='ocr_line' id='line_1_10' title="bbox 89 786 1627 843; baseline 0.003 -16"><span class='ocrx_word' id='word_1_76' title='bbox 89 801 145 828; x_wconf 92' lang='lat' dir='ltr'><strong>ne</strong></span> <span class='ocrx_word' id='word_1_77' title='bbox 181 787 366 828; x_wconf 89' lang='lat' dir='ltr'><strong>materia</strong></span> <span class='ocrx_word' id='word_1_78' title='bbox 403 786 553 828; x_wconf 90' lang='lat' dir='ltr'><strong>relicta</strong></span> <span class='ocrx_word' id='word_1_79' title='bbox 586 787 786 828; x_wconf 89' lang='lat' dir='ltr'><strong>informis</strong></span> <span class='ocrx_word' id='word_1_80' title='bbox 823 787 1076 840; x_wconf 91' lang='lat' dir='ltr'><strong>putrefieret</strong></span> <span class='ocrx_word' id='word_1_81' title='bbox 1107 795 1151 830; x_wconf 92' lang='lat' dir='ltr'><strong>et</strong></span> <span class='ocrx_word' id='word_1_82' title='bbox 1184 797 1482 843; x_wconf 85' lang='lat' dir='ltr'><strong>corrumperet</strong></span> <span class='ocrx_word' id='word_1_83' title='bbox 1519 791 1627 832; x_wconf 88' lang='lat' dir='ltr'><strong>alios</strong></span> 
     </span>
     <span class='ocr_line' id='line_1_11' title="bbox 30 856 1629 912; baseline 0.001 -13"><span class='ocrx_word' id='word_1_84' title='bbox 30 876 70 899; x_wconf 92' lang='lat'><strong>10</strong></span> <span class='ocrx_word' id='word_1_85' title='bbox 88 856 265 910; x_wconf 85' lang='lat' dir='ltr'><strong>digitos,</strong></span> <span class='ocrx_word' id='word_1_86' title='bbox 289 862 333 898; x_wconf 90' lang='lat' dir='ltr'><strong>et</strong></span> <span class='ocrx_word' id='word_1_87' title='bbox 359 856 458 897; x_wconf 90' lang='lat' dir='ltr'><strong>ideo</strong></span> <span class='ocrx_word' id='word_1_88' title='bbox 487 856 585 897; x_wconf 87' lang='lat' dir='ltr'><strong>finis</strong></span> <span class='ocrx_word' id='word_1_89' title='bbox 611 856 807 898; x_wconf 90' lang='lat' dir='ltr'><strong>intentus</strong></span> <span class='ocrx_word' id='word_1_90' title='bbox 833 869 920 898; x_wconf 92' lang='lat' dir='ltr'><strong>non</strong></span> <span class='ocrx_word' id='word_1_91' title='bbox 953 863 1020 898; x_wconf 90' lang='lat' dir='ltr'><strong>est</strong></span> <span class='ocrx_word' id='word_1_92' title='bbox 1041 864 1196 898; x_wconf 83' lang='lat' dir='ltr'><strong>sextus</strong></span> <span class='ocrx_word' id='word_1_93' title='bbox 1226 858 1403 912; x_wconf 87' lang='lat' dir='ltr'><strong>digitus,</strong></span> <span class='ocrx_word' id='word_1_94' title='bbox 1425 866 1491 901; x_wconf 92' lang='lat' dir='ltr'><strong>set</strong></span> <span class='ocrx_word' id='word_1_95' title='bbox 1513 860 1629 901; x_wconf 88' lang='lat' dir='ltr'><strong>salus</strong></span> 
     </span>
     <span class='ocr_line' id='line_1_12' title="bbox 89 924 1631 982; baseline 0.003 -16"><span class='ocrx_word' id='word_1_96' title='bbox 89 925 278 967; x_wconf 90' lang='lat' dir='ltr'><strong>aliorum</strong></span> <span class='ocrx_word' id='word_1_97' title='bbox 301 925 554 979; x_wconf 88' lang='lat' dir='ltr'><strong>digitorum,</strong></span> <span class='ocrx_word' id='word_1_98' title='bbox 577 931 652 966; x_wconf 92' lang='lat' dir='ltr'><strong>aut</strong></span> <span class='ocrx_word' id='word_1_99' title='bbox 682 926 717 967; x_wconf 90' lang='lat' dir='ltr'><strong>si</strong></span> <span class='ocrx_word' id='word_1_100' title='bbox 743 924 852 967; x_wconf 91' lang='lat' dir='ltr'><strong>alico</strong></span> <span class='ocrx_word' id='word_1_101' title='bbox 882 926 1015 967; x_wconf 93' lang='lat' dir='ltr'><strong>modo</strong></span> <span class='ocrx_word' id='word_1_102' title='bbox 1037 927 1291 969; x_wconf 87' lang='lat' dir='ltr'><strong>intendatur</strong></span> <span class='ocrx_word' id='word_1_103' title='bbox 1312 936 1494 982; x_wconf 89' lang='lat' dir='ltr'><strong>propter</strong></span> <span class='ocrx_word' id='word_1_104' title='bbox 1516 930 1631 970; x_wconf 89' lang='lat' dir='ltr'><strong>salu—</strong></span> 
     </span>
     <span class='ocr_line' id='line_1_13' title="bbox 88 995 1630 1051; baseline 0.003 -15"><span class='ocrx_word' id='word_1_105' title='bbox 88 1002 179 1037; x_wconf 89' lang='lat' dir='ltr'><strong>tem</strong></span> <span class='ocrx_word' id='word_1_106' title='bbox 208 1001 357 1036; x_wconf 91' lang='lat' dir='ltr'><strong>tamen</strong></span> <span class='ocrx_word' id='word_1_107' title='bbox 389 995 628 1049; x_wconf 90' lang='lat' dir='ltr'><strong>digitorum</strong></span> <span class='ocrx_word' id='word_1_108' title='bbox 655 995 852 1047; x_wconf 86' lang='lat' dir='ltr'><strong>aliorum,</strong></span> <span class='ocrx_word' id='word_1_109' title='bbox 874 1002 980 1037; x_wconf 91' lang='lat' dir='ltr'><strong>tunc</strong></span> <span class='ocrx_word' id='word_1_110' title='bbox 1006 1003 1074 1037; x_wconf 89' lang='lat' dir='ltr'><strong>est</strong></span> <span class='ocrx_word' id='word_1_111' title='bbox 1094 996 1223 1038; x_wconf 88' lang='lat' dir='ltr'><strong>valde</strong></span> <span class='ocrx_word' id='word_1_112' title='bbox 1254 1011 1331 1051; x_wconf 89' lang='lat' dir='ltr'><strong>per</strong></span> <span class='ocrx_word' id='word_1_113' title='bbox 1358 1000 1560 1041; x_wconf 87' lang='lat' dir='ltr'><strong>accidens</strong></span> <span class='ocrx_word' id='word_1_114' title='bbox 1587 1007 1630 1040; x_wconf 91' lang='lat' dir='ltr'><strong>et</strong></span> 
     </span>
     <span class='ocr_line' id='line_1_14' title="bbox 91 1063 1628 1120; baseline 0.003 -15"><span class='ocrx_word' id='word_1_115' title='bbox 91 1064 212 1106; x_wconf 87' lang='lat' dir='ltr'><strong>nullo</strong></span> <span class='ocrx_word' id='word_1_116' title='bbox 249 1065 383 1106; x_wconf 93' lang='lat' dir='ltr'><strong>modo</strong></span> <span class='ocrx_word' id='word_1_117' title='bbox 417 1078 496 1118; x_wconf 91' lang='lat' dir='ltr'><strong>per</strong></span> <span class='ocrx_word' id='word_1_118' title='bbox 533 1078 591 1106; x_wconf 91' lang='lat' dir='ltr'><strong>se.</strong></span> <span class='ocrx_word' id='word_1_119' title='bbox 658 1063 738 1106; x_wconf 87' lang='lat' dir='ltr'><strong>Set</strong></span> <span class='ocrx_word' id='word_1_120' title='bbox 776 1071 924 1106; x_wconf 87' lang='lat' dir='ltr'><strong>tamen</strong></span> <span class='ocrx_word' id='word_1_121' title='bbox 961 1067 1141 1119; x_wconf 89' lang='lat' dir='ltr'><strong>quando</strong></span> <span class='ocrx_word' id='word_1_122' title='bbox 1177 1067 1334 1120; x_wconf 85' lang='lat' dir='ltr'><strong>aliquis</strong></span> <span class='ocrx_word' id='word_1_123' title='bbox 1367 1068 1533 1109; x_wconf 87' lang='lat' dir='ltr'><strong>vadens</strong></span> <span class='ocrx_word' id='word_1_124' title='bbox 1572 1069 1628 1110; x_wconf 90' lang='lat' dir='ltr'><strong>ad</strong></span> 
     </span>
     <span class='ocr_line' id='line_1_15' title="bbox 89 1133 1631 1192; baseline 0.003 -18"><span class='ocrx_word' id='word_1_125' title='bbox 89 1133 232 1175; x_wconf 87' lang='lat' dir='ltr'><strong>sorum</strong></span> <span class='ocrx_word' id='word_1_126' title='bbox 266 1147 495 1176; x_wconf 87' lang='lat' dir='ltr'><strong>occurrens</strong></span> <span class='ocrx_word' id='word_1_127' title='bbox 527 1133 729 1185; x_wconf 90' lang='lat' dir='ltr'><strong>debitori,</strong></span> <span class='ocrx_word' id='word_1_128' title='bbox 751 1147 776 1175; x_wconf 90' lang='lat' dir='ltr'><strong>a</strong></span> <span class='ocrx_word' id='word_1_129' title='bbox 801 1147 889 1187; x_wconf 90' lang='lat' dir='ltr'><strong>quo</strong></span> <span class='ocrx_word' id='word_1_130' title='bbox 921 1135 1076 1189; x_wconf 90' lang='lat' dir='ltr'><strong>recipit</strong></span> <span class='ocrx_word' id='word_1_131' title='bbox 1106 1137 1350 1189; x_wconf 88' lang='lat' dir='ltr'><strong>pecuniam,</strong></span> <span class='ocrx_word' id='word_1_132' title='bbox 1376 1138 1467 1191; x_wconf 89' lang='lat' dir='ltr'><strong>ipse</strong></span> <span class='ocrx_word' id='word_1_133' title='bbox 1497 1140 1631 1192; x_wconf 89' lang='lat' dir='ltr'><strong>gratis</strong></span> 
     </span>
     <span class='ocr_line' id='line_1_16' title="bbox 30 1203 1633 1260; baseline 0.001 -13"><span class='ocrx_word' id='word_1_134' title='bbox 30 1225 68 1257; x_wconf 86' lang='lat'><strong>15</strong></span> <span class='ocrx_word' id='word_1_135' title='bbox 91 1203 244 1257; x_wconf 87' lang='lat' dir='ltr'><strong>recipit</strong></span> <span class='ocrx_word' id='word_1_136' title='bbox 268 1217 367 1246; x_wconf 88' lang='lat' dir='ltr'><strong>eam</strong></span> <span class='ocrx_word' id='word_1_137' title='bbox 389 1218 447 1245; x_wconf 88' lang='lat' dir='ltr'><strong>ex</strong></span> <span class='ocrx_word' id='word_1_138' title='bbox 474 1203 722 1258; x_wconf 87' lang='lat' dir='ltr'><strong>propositO,</strong></span> <span class='ocrx_word' id='word_1_139' title='bbox 743 1209 787 1244; x_wconf 91' lang='lat' dir='ltr'><strong>et</strong></span> <span class='ocrx_word' id='word_1_140' title='bbox 817 1204 984 1258; x_wconf 87' lang='lat' dir='ltr'><strong>gaudet</strong></span> <span class='ocrx_word' id='word_1_141' title='bbox 1011 1218 1058 1245; x_wconf 85' lang='lat' dir='ltr'><strong>se</strong></span> <span class='ocrx_word' id='word_1_142' title='bbox 1086 1206 1290 1259; x_wconf 88' lang='lat' dir='ltr'><strong>recipere,</strong></span> <span class='ocrx_word' id='word_1_143' title='bbox 1313 1220 1417 1260; x_wconf 88' lang='lat' dir='ltr'><strong>ergo</strong></span> <span class='ocrx_word' id='word_1_144' title='bbox 1445 1208 1633 1248; x_wconf 90' lang='lat' dir='ltr'><strong>intendit</strong></span> 
     </span>
     <span class='ocr_line' id='line_1_17' title="bbox 90 1272 1631 1330; baseline 0.003 -18"><span class='ocrx_word' id='word_1_145' title='bbox 90 1272 224 1323; x_wconf 89' lang='lat' dir='ltr'><strong>illam,</strong></span> <span class='ocrx_word' id='word_1_146' title='bbox 254 1278 297 1314; x_wconf 91' lang='lat' dir='ltr'><strong>et</strong></span> <span class='ocrx_word' id='word_1_147' title='bbox 337 1279 441 1314; x_wconf 92' lang='lat' dir='ltr'><strong>tunc</strong></span> <span class='ocrx_word' id='word_1_148' title='bbox 476 1286 564 1314; x_wconf 91' lang='lat' dir='ltr'><strong>non</strong></span> <span class='ocrx_word' id='word_1_149' title='bbox 596 1278 663 1313; x_wconf 92' lang='lat' dir='ltr'><strong>est</strong></span> <span class='ocrx_word' id='word_1_150' title='bbox 699 1273 887 1322; x_wconf 82' lang='lat' dir='ltr'><strong>casuale,</strong></span> <span class='ocrx_word' id='word_1_151' title='bbox 919 1272 1021 1314; x_wconf 91' lang='lat' dir='ltr'><strong>licet</strong></span> <span class='ocrx_word' id='word_1_152' title='bbox 1056 1274 1185 1316; x_wconf 91' lang='lat' dir='ltr'><strong>fuerit</strong></span> <span class='ocrx_word' id='word_1_153' title='bbox 1221 1276 1394 1316; x_wconf 85' lang='lat' dir='ltr'><strong>casuale</strong></span> <span class='ocrx_word' id='word_1_154' title='bbox 1431 1284 1631 1330; x_wconf 88' lang='lat' dir='ltr'><strong>respectu</strong></span> 
     </span>
     <span class='ocr_line' id='line_1_18' title="bbox 73 1342 1632 1400; baseline 0.003 -17"><span class='ocrx_word' id='word_1_155' title='bbox 73 1342 349 1384; x_wconf 87' lang='lat' dir='ltr'><strong>-intencionis</strong></span> <span class='ocrx_word' id='word_1_156' title='bbox 380 1343 569 1393; x_wconf 89' lang='lat' dir='ltr'><strong>emendi,</strong></span> <span class='ocrx_word' id='word_1_157' title='bbox 598 1348 642 1383; x_wconf 91' lang='lat' dir='ltr'><strong>et</strong></span> <span class='ocrx_word' id='word_1_158' title='bbox 670 1355 696 1382; x_wconf 91' lang='lat' dir='ltr'><strong>a</strong></span> <span class='ocrx_word' id='word_1_159' title='bbox 728 1343 953 1396; x_wconf 90' lang='lat' dir='ltr'><strong>principio,</strong></span> <span class='ocrx_word' id='word_1_160' title='bbox 977 1357 1064 1384; x_wconf 92' lang='lat' dir='ltr'><strong>non</strong></span> <span class='ocrx_word' id='word_1_161' title='bbox 1097 1350 1247 1385; x_wconf 90' lang='lat' dir='ltr'><strong>tamen</strong></span> <span class='ocrx_word' id='word_1_162' title='bbox 1278 1346 1320 1385; x_wconf 93' lang='lat' dir='ltr'><strong>in</strong></span> <span class='ocrx_word' id='word_1_163' title='bbox 1352 1344 1447 1386; x_wconf 88' lang='lat' dir='ltr'><strong>fine.</strong></span> <span class='ocrx_word' id='word_1_164' title='bbox 1511 1347 1632 1400; x_wconf 88' lang='lat' dir='ltr'><strong>Ergo</strong></span> 
     </span>
     <span class='ocr_line' id='line_1_19' title="bbox 89 1411 1631 1467; baseline 0.003 -15"><span class='ocrx_word' id='word_1_165' title='bbox 89 1411 288 1453; x_wconf 91' lang='lat' dir='ltr'><strong>similiter</strong></span> <span class='ocrx_word' id='word_1_166' title='bbox 319 1411 390 1454; x_wconf 91' lang='lat' dir='ltr'><strong>hic</strong></span> <span class='ocrx_word' id='word_1_167' title='bbox 421 1411 654 1453; x_wconf 89' lang='lat' dir='ltr'><strong>dicendum</strong></span> <span class='ocrx_word' id='word_1_168' title='bbox 687 1419 753 1453; x_wconf 90' lang='lat' dir='ltr'><strong>est</strong></span> <span class='ocrx_word' id='word_1_169' title='bbox 785 1413 904 1466; x_wconf 87' lang='lat' dir='ltr'><strong>quod</strong></span> <span class='ocrx_word' id='word_1_170' title='bbox 936 1426 1024 1454; x_wconf 91' lang='lat' dir='ltr'><strong>non</strong></span> <span class='ocrx_word' id='word_1_171' title='bbox 1055 1414 1263 1467; x_wconf 89' lang='lat' dir='ltr'><strong>sequitur,</strong></span> <span class='ocrx_word' id='word_1_172' title='bbox 1296 1428 1398 1455; x_wconf 91' lang='lat' dir='ltr'><strong>nam</strong></span> <span class='ocrx_word' id='word_1_173' title='bbox 1428 1415 1631 1456; x_wconf 88' lang='lat' dir='ltr'><strong>voluntas</strong></span> 
     </span>
     <span class='ocr_line' id='line_1_20' title="bbox 90 1481 1634 1536; baseline 0.003 -15"><span class='ocrx_word' id='word_1_174' title='bbox 90 1481 228 1523; x_wconf 90' lang='lat' dir='ltr'><strong>libera</strong></span> <span class='ocrx_word' id='word_1_175' title='bbox 250 1487 326 1532; x_wconf 91' lang='lat' dir='ltr'><strong>est,</strong></span> <span class='ocrx_word' id='word_1_176' title='bbox 349 1487 394 1522; x_wconf 91' lang='lat' dir='ltr'><strong>et</strong></span> <span class='ocrx_word' id='word_1_177' title='bbox 415 1482 472 1522; x_wconf 90' lang='lat' dir='ltr'><strong>ad</strong></span> <span class='ocrx_word' id='word_1_178' title='bbox 499 1481 704 1536; x_wconf 89' lang='lat' dir='ltr'><strong>opposita</strong></span> <span class='ocrx_word' id='word_1_179' title='bbox 730 1488 878 1535; x_wconf 89' lang='lat' dir='ltr'><strong>potest</strong></span> <span class='ocrx_word' id='word_1_180' title='bbox 899 1496 946 1523; x_wconf 90' lang='lat' dir='ltr'><strong>se</strong></span> <span class='ocrx_word' id='word_1_181' title='bbox 967 1491 1221 1525; x_wconf 89' lang='lat' dir='ltr'><strong>convertere</strong></span> <span class='ocrx_word' id='word_1_182' title='bbox 1250 1484 1292 1524; x_wconf 90' lang='lat' dir='ltr'><strong>in</strong></span> <span class='ocrx_word' id='word_1_183' title='bbox 1320 1485 1502 1525; x_wconf 87' lang='lat' dir='ltr'><strong>diversis</strong></span> <span class='ocrx_word' id='word_1_184' title='bbox 1523 1492 1634 1526; x_wconf 88' lang='lat' dir='ltr'><strong>tem-</strong></span> 
     </span>
     <span class='ocr_line' id='line_1_21' title="bbox 31 1550 1632 1605; baseline 0.002 -14"><span class='ocrx_word' id='word_1_185' title='bbox 31 1573 70 1596; x_wconf 88' lang='lat'><strong>20</strong></span> <span class='ocrx_word' id='word_1_186' title='bbox 90 1550 281 1605; x_wconf 91' lang='lat' dir='ltr'><strong>poribus,</strong></span> <span class='ocrx_word' id='word_1_187' title='bbox 304 1557 370 1592; x_wconf 92' lang='lat' dir='ltr'><strong>set</strong></span> <span class='ocrx_word' id='word_1_188' title='bbox 399 1557 554 1592; x_wconf 88' lang='lat' dir='ltr'><strong>natura</strong></span> <span class='ocrx_word' id='word_1_189' title='bbox 585 1551 730 1592; x_wconf 88' lang='lat' dir='ltr'><strong>saltim</strong></span> <span class='ocrx_word' id='word_1_190' title='bbox 763 1551 1050 1604; x_wconf 89' lang='lat' dir='ltr'><strong>particularis,</strong></span> <span class='ocrx_word' id='word_1_191' title='bbox 1074 1567 1152 1594; x_wconf 89' lang='lat' dir='ltr'><strong>nec</strong></span> <span class='ocrx_word' id='word_1_192' title='bbox 1182 1560 1338 1595; x_wconf 88' lang='lat' dir='ltr'><strong>natura</strong></span> <span class='ocrx_word' id='word_1_193' title='bbox 1368 1555 1632 1605; x_wconf 87' lang='lat' dir='ltr'><strong>universalis,</strong></span> 
     </span>
     <span class='ocr_line' id='line_1_22' title="bbox 89 1621 1632 1677; baseline 0.003 -17"><span class='ocrx_word' id='word_1_194' title='bbox 89 1621 132 1660; x_wconf 89' lang='lat' dir='ltr'><strong>in</strong></span> <span class='ocrx_word' id='word_1_195' title='bbox 164 1626 379 1674; x_wconf 84' lang='lat' dir='ltr'><strong>quantum</strong></span> <span class='ocrx_word' id='word_1_196' title='bbox 413 1627 594 1674; x_wconf 90' lang='lat' dir='ltr'><strong>coaptat</strong></span> <span class='ocrx_word' id='word_1_197' title='bbox 625 1635 671 1662; x_wconf 92' lang='lat' dir='ltr'><strong>se</strong></span> <span class='ocrx_word' id='word_1_198' title='bbox 702 1621 966 1675; x_wconf 87' lang='lat' dir='ltr'><strong>particulari,</strong></span> <span class='ocrx_word' id='word_1_199' title='bbox 990 1635 1078 1662; x_wconf 93' lang='lat' dir='ltr'><strong>non</strong></span> <span class='ocrx_word' id='word_1_200' title='bbox 1108 1623 1231 1664; x_wconf 90' lang='lat' dir='ltr'><strong>vadit</strong></span> <span class='ocrx_word' id='word_1_201' title='bbox 1266 1623 1308 1663; x_wconf 92' lang='lat' dir='ltr'><strong>in</strong></span> <span class='ocrx_word' id='word_1_202' title='bbox 1341 1625 1560 1677; x_wconf 89' lang='lat' dir='ltr'><strong>opposita,</strong></span> <span class='ocrx_word' id='word_1_203' title='bbox 1589 1630 1632 1665; x_wconf 89' lang='lat' dir='ltr'><strong>et</strong></span> 
     </span>
     <span class='ocr_line' id='line_1_23' title="bbox 89 1689 1631 1746; baseline 0.003 -16"><span class='ocrx_word' id='word_1_204' title='bbox 89 1690 189 1730; x_wconf 91' lang='lat' dir='ltr'><strong>ideo</strong></span> <span class='ocrx_word' id='word_1_205' title='bbox 224 1703 313 1730; x_wconf 92' lang='lat' dir='ltr'><strong>non</strong></span> <span class='ocrx_word' id='word_1_206' title='bbox 349 1696 494 1731; x_wconf 91' lang='lat' dir='ltr'><strong>mutat</strong></span> <span class='ocrx_word' id='word_1_207' title='bbox 528 1689 661 1730; x_wconf 89' lang='lat' dir='ltr'><strong>finem</strong></span> <span class='ocrx_word' id='word_1_208' title='bbox 694 1703 821 1730; x_wconf 93' lang='lat' dir='ltr'><strong>suum</strong></span> <span class='ocrx_word' id='word_1_209' title='bbox 865 1690 975 1732; x_wconf 89' lang='lat' dir='ltr'><strong>sicut</strong></span> <span class='ocrx_word' id='word_1_210' title='bbox 1002 1691 1217 1741; x_wconf 88' lang='lat' dir='ltr'><strong>voluntas,</strong></span> <span class='ocrx_word' id='word_1_211' title='bbox 1254 1699 1297 1732; x_wconf 90' lang='lat' dir='ltr'><strong>et</strong></span> <span class='ocrx_word' id='word_1_212' title='bbox 1338 1700 1519 1746; x_wconf 88' lang='lat' dir='ltr'><strong>propter</strong></span> <span class='ocrx_word' id='word_1_213' title='bbox 1549 1693 1631 1734; x_wconf 91' lang='lat' dir='ltr'><strong>hoc</strong></span> 
     </span>
     <span class='ocr_line' id='line_1_24' title="bbox 91 1759 1633 1815; baseline 0.003 -16"><span class='ocrx_word' id='word_1_214' title='bbox 91 1766 291 1812; x_wconf 88' lang='lat' dir='ltr'><strong>respectu</strong></span> <span class='ocrx_word' id='word_1_215' title='bbox 314 1765 469 1800; x_wconf 89' lang='lat' dir='ltr'><strong>nature</strong></span> <span class='ocrx_word' id='word_1_216' title='bbox 496 1759 683 1813; x_wconf 89' lang='lat' dir='ltr'><strong>agentis,</strong></span> <span class='ocrx_word' id='word_1_217' title='bbox 705 1766 951 1800; x_wconf 89' lang='lat' dir='ltr'><strong>monstrum</strong></span> <span class='ocrx_word' id='word_1_218' title='bbox 976 1760 1046 1800; x_wconf 90' lang='lat' dir='ltr'><strong>vel</strong></span> <span class='ocrx_word' id='word_1_219' title='bbox 1077 1767 1307 1815; x_wconf 89' lang='lat' dir='ltr'><strong>peccatum</strong></span> <span class='ocrx_word' id='word_1_220' title='bbox 1339 1762 1420 1803; x_wconf 90' lang='lat' dir='ltr'><strong>erit</strong></span> <span class='ocrx_word' id='word_1_221' title='bbox 1449 1763 1633 1814; x_wconf 88' lang='lat' dir='ltr'><strong>casuale,</strong></span> 
     </span>
     <span class='ocr_line' id='line_1_25' title="bbox 90 1828 1633 1882; baseline 0.003 -14"><span class='ocrx_word' id='word_1_222' title='bbox 90 1835 183 1869; x_wconf 90' lang='lat' dir='ltr'><strong>tam</strong></span> <span class='ocrx_word' id='word_1_223' title='bbox 206 1829 250 1869; x_wconf 91' lang='lat' dir='ltr'><strong>in</strong></span> <span class='ocrx_word' id='word_1_224' title='bbox 271 1828 358 1869; x_wconf 90' lang='lat' dir='ltr'><strong>fine</strong></span> <span class='ocrx_word' id='word_1_225' title='bbox 379 1842 512 1882; x_wconf 90' lang='lat' dir='ltr'><strong>quam</strong></span> <span class='ocrx_word' id='word_1_226' title='bbox 536 1829 579 1868; x_wconf 93' lang='lat' dir='ltr'><strong>in</strong></span> <span class='ocrx_word' id='word_1_227' title='bbox 601 1829 830 1882; x_wconf 90' lang='lat' dir='ltr'><strong>principio.</strong></span> <span class='ocrx_word' id='word_1_228' title='bbox 883 1828 1108 1882; x_wconf 79' lang='lat' dir='ltr'><strong>Quoniam</strong></span> <span class='ocrx_word' id='word_1_229' title='bbox 1131 1837 1280 1871; x_wconf 90' lang='lat' dir='ltr'><strong>autem</strong></span> <span class='ocrx_word' id='word_1_230' title='bbox 1303 1838 1458 1872; x_wconf 87' lang='lat' dir='ltr'><strong>natura</strong></span> <span class='ocrx_word' id='word_1_231' title='bbox 1480 1831 1584 1872; x_wconf 85' lang='lat' dir='ltr'><strong>facit</strong></span> <span class='ocrx_word' id='word_1_232' title='bbox 1607 1846 1633 1872; x_wconf 91' lang='lat' dir='ltr'><strong>a</strong></span> 
     </span>
     <span class='ocr_line' id='line_1_26' title="bbox 32 1897 1631 1952; baseline 0.003 -14"><span class='ocrx_word' id='word_1_233' title='bbox 32 1915 72 1947; x_wconf 88' lang='lat'><strong>25</strong></span> <span class='ocrx_word' id='word_1_234' title='bbox 92 1911 193 1939; x_wconf 87' lang='lat' dir='ltr'><strong>casu</strong></span> <span class='ocrx_word' id='word_1_235' title='bbox 216 1911 384 1939; x_wconf 89' lang='lat' dir='ltr'><strong>errores</strong></span> <span class='ocrx_word' id='word_1_236' title='bbox 408 1898 451 1938; x_wconf 91' lang='lat' dir='ltr'><strong>in</strong></span> <span class='ocrx_word' id='word_1_237' title='bbox 480 1897 754 1946; x_wconf 86' lang='lat' dir='ltr'><strong>animalibus,</strong></span> <span class='ocrx_word' id='word_1_238' title='bbox 777 1905 820 1938; x_wconf 89' lang='lat' dir='ltr'><strong>et</strong></span> <span class='ocrx_word' id='word_1_239' title='bbox 843 1898 982 1952; x_wconf 86' lang='lat' dir='ltr'><strong>magis</strong></span> <span class='ocrx_word' id='word_1_240' title='bbox 1010 1898 1180 1940; x_wconf 90' lang='lat' dir='ltr'><strong>solicita</strong></span> <span class='ocrx_word' id='word_1_241' title='bbox 1202 1906 1266 1940; x_wconf 91' lang='lat' dir='ltr'><strong>est</strong></span> <span class='ocrx_word' id='word_1_242' title='bbox 1287 1900 1402 1941; x_wconf 90' lang='lat' dir='ltr'><strong>circa</strong></span> <span class='ocrx_word' id='word_1_243' title='bbox 1425 1901 1631 1942; x_wconf 88' lang='lat' dir='ltr'><strong>animalia</strong></span> 
     </span>
     <span class='ocr_line' id='line_1_27' title="bbox 91 1967 1632 2024; baseline 0.003 -17"><span class='ocrx_word' id='word_1_244' title='bbox 91 1981 225 2021; x_wconf 89' lang='lat' dir='ltr'><strong>quam</strong></span> <span class='ocrx_word' id='word_1_245' title='bbox 258 1967 368 2008; x_wconf 90' lang='lat' dir='ltr'><strong>circa</strong></span> <span class='ocrx_word' id='word_1_246' title='bbox 400 1967 585 2020; x_wconf 81' lang='lat' dir='ltr'><strong>plantas,</strong></span> <span class='ocrx_word' id='word_1_247' title='bbox 614 1980 704 2007; x_wconf 90' lang='lat' dir='ltr'><strong>non</strong></span> <span class='ocrx_word' id='word_1_248' title='bbox 736 1974 882 2008; x_wconf 91' lang='lat' dir='ltr'><strong>tamen</strong></span> <span class='ocrx_word' id='word_1_249' title='bbox 915 1974 1096 2022; x_wconf 89' lang='lat' dir='ltr'><strong>propter</strong></span> <span class='ocrx_word' id='word_1_250' title='bbox 1126 1969 1209 2010; x_wconf 92' lang='lat' dir='ltr'><strong>hoc</strong></span> <span class='ocrx_word' id='word_1_251' title='bbox 1241 1971 1402 2011; x_wconf 89' lang='lat' dir='ltr'><strong>cadunt</strong></span> <span class='ocrx_word' id='word_1_252' title='bbox 1439 1978 1632 2024; x_wconf 88' lang='lat' dir='ltr'><strong>peccata,</strong></span> 
     </span>
     <span class='ocr_line' id='line_1_28' title="bbox 91 2036 1634 2091; baseline 0.002 -13"><span class='ocrx_word' id='word_1_253' title='bbox 91 2038 154 2078; x_wconf 90' lang='lat' dir='ltr'><strong>sic</strong></span> <span class='ocrx_word' id='word_1_254' title='bbox 177 2036 221 2077; x_wconf 90' lang='lat' dir='ltr'><strong>in</strong></span> <span class='ocrx_word' id='word_1_255' title='bbox 243 2036 406 2091; x_wconf 88' lang='lat' dir='ltr'><strong>plantis</strong></span> <span class='ocrx_word' id='word_1_256' title='bbox 427 2037 537 2078; x_wconf 90' lang='lat' dir='ltr'><strong>sicut</strong></span> <span class='ocrx_word' id='word_1_257' title='bbox 560 2037 602 2076; x_wconf 91' lang='lat' dir='ltr'><strong>in</strong></span> <span class='ocrx_word' id='word_1_258' title='bbox 624 2036 900 2088; x_wconf 90' lang='lat' dir='ltr'><strong>animalibus,</strong></span> <span class='ocrx_word' id='word_1_259' title='bbox 922 2051 1002 2079; x_wconf 90' lang='lat' dir='ltr'><strong>nec</strong></span> <span class='ocrx_word' id='word_1_260' title='bbox 1026 2038 1068 2078; x_wconf 90' lang='lat' dir='ltr'><strong>in</strong></span> <span class='ocrx_word' id='word_1_261' title='bbox 1092 2038 1220 2079; x_wconf 90' lang='lat' dir='ltr'><strong>rebus</strong></span> <span class='ocrx_word' id='word_1_262' title='bbox 1242 2039 1493 2081; x_wconf 89' lang='lat' dir='ltr'><strong>inanimatis</strong></span> <span class='ocrx_word' id='word_1_263' title='bbox 1523 2041 1634 2081; x_wconf 88' lang='lat' dir='ltr'><strong>sicut</strong></span> 
     </span>
     <span class='ocr_line' id='line_1_29' title="bbox 94 2105 1631 2159; baseline 0.002 -12"><span class='ocrx_word' id='word_1_264' title='bbox 94 2107 137 2147; x_wconf 93' lang='lat' dir='ltr'><strong>in</strong></span> <span class='ocrx_word' id='word_1_265' title='bbox 185 2105 405 2156; x_wconf 89' lang='lat' dir='ltr'><strong>animatis,</strong></span> <span class='ocrx_word' id='word_1_266' title='bbox 440 2111 621 2159; x_wconf 90' lang='lat' dir='ltr'><strong>propter</strong></span> <span class='ocrx_word' id='word_1_267' title='bbox 661 2106 777 2146; x_wconf 92' lang='lat' dir='ltr'><strong>enim</strong></span> <span class='ocrx_word' id='word_1_268' title='bbox 819 2106 1094 2148; x_wconf 90' lang='lat' dir='ltr'><strong>nobilitatem</strong></span> <span class='ocrx_word' id='word_1_269' title='bbox 1130 2108 1332 2149; x_wconf 89' lang='lat' dir='ltr'><strong>animalis</strong></span> <span class='ocrx_word' id='word_1_270' title='bbox 1375 2107 1631 2151; x_wconf 89' lang='lat' dir='ltr'><strong>deformitas</strong></span> 
     </span>
     <span class='ocr_line' id='line_1_30' title="bbox 92 2175 1632 2229; baseline 0.003 -13"><span class='ocrx_word' id='word_1_271' title='bbox 92 2176 243 2216; x_wconf 87' lang='lat' dir='ltr'><strong>statim</strong></span> <span class='ocrx_word' id='word_1_272' title='bbox 286 2181 472 2229; x_wconf 88' lang='lat' dir='ltr'><strong>apparet</strong></span> <span class='ocrx_word' id='word_1_273' title='bbox 514 2175 557 2215; x_wconf 93' lang='lat' dir='ltr'><strong>in</strong></span> <span class='ocrx_word' id='word_1_274' title='bbox 598 2188 664 2226; x_wconf 93' lang='lat' dir='ltr'><strong>e0,</strong></span> <span class='ocrx_word' id='word_1_275' title='bbox 697 2182 740 2216; x_wconf 88' lang='lat' dir='ltr'><strong>et</strong></span> <span class='ocrx_word' id='word_1_276' title='bbox 782 2176 885 2229; x_wconf 86' lang='lat' dir='ltr'><strong>quia</strong></span> <span class='ocrx_word' id='word_1_277' title='bbox 925 2176 1059 2217; x_wconf 92' lang='lat' dir='ltr'><strong>habet</strong></span> <span class='ocrx_word' id='word_1_278' title='bbox 1102 2177 1298 2219; x_wconf 90' lang='lat' dir='ltr'><strong>membra</strong></span> <span class='ocrx_word' id='word_1_279' title='bbox 1339 2179 1632 2220; x_wconf 90' lang='lat' dir='ltr'><strong>determinata</strong></span> 
     </span>
     <span class='ocr_line' id='line_1_31' title="bbox 33 2244 1631 2299; baseline 0.003 -14"><span class='ocrx_word' id='word_1_280' title='bbox 33 2263 75 2295; x_wconf 85' lang='lat'><strong>30</strong></span> <span class='ocrx_word' id='word_1_281' title='bbox 93 2258 275 2286; x_wconf 87' lang='lat' dir='ltr'><strong>numero</strong></span> <span class='ocrx_word' id='word_1_282' title='bbox 310 2251 354 2285; x_wconf 91' lang='lat' dir='ltr'><strong>et</strong></span> <span class='ocrx_word' id='word_1_283' title='bbox 391 2244 693 2298; x_wconf 88' lang='lat' dir='ltr'><strong>magnitudine</strong></span> <span class='ocrx_word' id='word_1_284' title='bbox 729 2251 772 2285; x_wconf 88' lang='lat' dir='ltr'><strong>et</strong></span> <span class='ocrx_word' id='word_1_285' title='bbox 804 2244 943 2298; x_wconf 88' lang='lat' dir='ltr'><strong>figura</strong></span> <span class='ocrx_word' id='word_1_286' title='bbox 980 2252 1162 2299; x_wconf 90' lang='lat' dir='ltr'><strong>propter</strong></span> <span class='ocrx_word' id='word_1_287' title='bbox 1194 2261 1318 2288; x_wconf 86' lang='lat' dir='ltr'><strong>suam</strong></span> <span class='ocrx_word' id='word_1_288' title='bbox 1351 2248 1631 2289; x_wconf 90' lang='lat' dir='ltr'><strong>nobilitatem</strong></span> 
     </span>
     <span class='ocr_line' id='line_1_32' title="bbox 92 2313 1634 2371; baseline 0.003 -16"><span class='ocrx_word' id='word_1_289' title='bbox 92 2321 136 2355; x_wconf 89' lang='lat' dir='ltr'><strong>et</strong></span> <span class='ocrx_word' id='word_1_290' title='bbox 163 2315 447 2367; x_wconf 85' lang='lat' dir='ltr'><strong>operaciones</strong></span> <span class='ocrx_word' id='word_1_291' title='bbox 478 2320 631 2364; x_wconf 89' lang='lat' dir='ltr'><strong>certas,</strong></span> <span class='ocrx_word' id='word_1_292' title='bbox 654 2313 754 2354; x_wconf 90' lang='lat' dir='ltr'><strong>ideo</strong></span> <span class='ocrx_word' id='word_1_293' title='bbox 783 2315 818 2354; x_wconf 85' lang='lat' dir='ltr'><strong>si</strong></span> <span class='ocrx_word' id='word_1_294' title='bbox 851 2313 959 2355; x_wconf 88' lang='lat' dir='ltr'><strong>fiant</strong></span> <span class='ocrx_word' id='word_1_295' title='bbox 989 2323 1135 2369; x_wconf 88' lang='lat' dir='ltr'><strong>partes</strong></span> <span class='ocrx_word' id='word_1_296' title='bbox 1168 2316 1259 2368; x_wconf 88' lang='lat' dir='ltr'><strong>ejus</strong></span> <span class='ocrx_word' id='word_1_297' title='bbox 1292 2317 1334 2356; x_wconf 87' lang='lat' dir='ltr'><strong>in</strong></span> <span class='ocrx_word' id='word_1_298' title='bbox 1369 2317 1523 2371; x_wconf 88' lang='lat' dir='ltr'><strong>majori</strong></span> <span class='ocrx_word' id='word_1_299' title='bbox 1556 2332 1634 2359; x_wconf 92' lang='lat' dir='ltr'><strong>nu-</strong></span> 
     </span>
     <span class='ocr_line' id='line_1_33' title="bbox 94 2382 1634 2441; baseline 0.002 -16"><span class='ocrx_word' id='word_1_300' title='bbox 94 2397 214 2425; x_wconf 91' lang='lat' dir='ltr'><strong>mero</strong></span> <span class='ocrx_word' id='word_1_301' title='bbox 251 2382 320 2424; x_wconf 90' lang='lat' dir='ltr'><strong>vel</strong></span> <span class='ocrx_word' id='word_1_302' title='bbox 360 2383 532 2434; x_wconf 88' lang='lat' dir='ltr'><strong>minori,</strong></span> <span class='ocrx_word' id='word_1_303' title='bbox 563 2382 631 2423; x_wconf 90' lang='lat' dir='ltr'><strong>vel</strong></span> <span class='ocrx_word' id='word_1_304' title='bbox 670 2382 713 2422; x_wconf 91' lang='lat' dir='ltr'><strong>in</strong></span> <span class='ocrx_word' id='word_1_305' title='bbox 755 2384 1002 2435; x_wconf 86' lang='lat' dir='ltr'><strong>quantitate</strong></span> <span class='ocrx_word' id='word_1_306' title='bbox 1043 2398 1129 2425; x_wconf 89' lang='lat' dir='ltr'><strong>non</strong></span> <span class='ocrx_word' id='word_1_307' title='bbox 1176 2386 1338 2436; x_wconf 89' lang='lat' dir='ltr'><strong>debita,</strong></span> <span class='ocrx_word' id='word_1_308' title='bbox 1371 2387 1438 2427; x_wconf 91' lang='lat' dir='ltr'><strong>vel</strong></span> <span class='ocrx_word' id='word_1_309' title='bbox 1482 2387 1634 2441; x_wconf 89' lang='lat' dir='ltr'><strong>figura,</strong></span> 
     </span>
     <span class='ocr_line' id='line_1_34' title="bbox 93 2452 1634 2508; baseline 0.003 -14"><span class='ocrx_word' id='word_1_310' title='bbox 93 2453 251 2494; x_wconf 88' lang='lat' dir='ltr'><strong>accidit</strong></span> <span class='ocrx_word' id='word_1_311' title='bbox 276 2452 534 2494; x_wconf 86' lang='lat' dir='ltr'><strong>deformitas</strong></span> <span class='ocrx_word' id='word_1_312' title='bbox 565 2459 609 2493; x_wconf 87' lang='lat' dir='ltr'><strong>et</strong></span> <span class='ocrx_word' id='word_1_313' title='bbox 638 2452 1003 2506; x_wconf 87' lang='lat' dir='ltr'><strong>impedimentum</strong></span> <span class='ocrx_word' id='word_1_314' title='bbox 1037 2456 1348 2508; x_wconf 88' lang='lat' dir='ltr'><strong>operacionum</strong></span> <span class='ocrx_word' id='word_1_315' title='bbox 1381 2470 1569 2508; x_wconf 87' lang='lat' dir='ltr'><strong>suarum,</strong></span> <span class='ocrx_word' id='word_1_316' title='bbox 1590 2464 1634 2498; x_wconf 92' lang='lat' dir='ltr'><strong>et</strong></span> 
     </span>
     <span class='ocr_line' id='line_1_35' title="bbox 94 2520 1778 2579; baseline 0.002 -16"><span class='ocrx_word' id='word_1_317' title='bbox 94 2522 195 2563; x_wconf 89' lang='lat' dir='ltr'><strong>ideo</strong></span> <span class='ocrx_word' id='word_1_318' title='bbox 216 2528 457 2576; x_wconf 90' lang='lat' dir='ltr'><strong>peccatum.</strong></span> <span class='ocrx_word' id='word_1_319' title='bbox 505 2520 584 2562; x_wconf 86' lang='lat' dir='ltr'><strong>Set</strong></span> <span class='ocrx_word' id='word_1_320' title='bbox 607 2521 648 2561; x_wconf 91' lang='lat' dir='ltr'><strong>in</strong></span> <span class='ocrx_word' id='word_1_321' title='bbox 671 2520 832 2574; x_wconf 89' lang='lat' dir='ltr'><strong>plantis</strong></span> <span class='ocrx_word' id='word_1_322' title='bbox 856 2535 943 2562; x_wconf 91' lang='lat' dir='ltr'><strong>non</strong></span> <span class='ocrx_word' id='word_1_323' title='bbox 965 2522 1284 2565; x_wconf 86' lang='lat' dir='ltr'><strong>determinatus</strong></span> <span class='ocrx_word' id='word_1_324' title='bbox 1301 2532 1365 2566; x_wconf 88' lang='lat' dir='ltr'><strong>est</strong></span> <span class='ocrx_word' id='word_1_325' title='bbox 1394 2525 1398 2579; x_wconf 81' lang='grc' dir='ltr'>Ι</span> <span class='ocrx_word' id='word_1_326' title='bbox 1427 2539 1633 2567; x_wconf 88' lang='lat' dir='ltr'><strong>numerus</strong></span> <span class='ocrx_word' id='word_1_327' title='bbox 1655 2537 1695 2578; x_wconf 83' lang='lat'><strong>38</strong></span> <span class='ocrx_word' id='word_1_328' title='bbox 1713 2548 1732 2569; x_wconf 83' lang='lat' dir='ltr'><strong>a</strong></span> <span class='ocrx_word' id='word_1_329' title='bbox 1753 2546 1778 2568; x_wconf 92' lang='lat'><strong>1.</strong></span> 
     </span>
     <span class='ocr_line' id='line_1_36' title="bbox 34 2590 1634 2645; baseline 0.004 -14"><span class='ocrx_word' id='word_1_330' title='bbox 34 2610 75 2642; x_wconf 82' lang='lat'><strong>35</strong></span> <span class='ocrx_word' id='word_1_331' title='bbox 94 2592 305 2645; x_wconf 90' lang='lat' dir='ltr'><strong>parcium,</strong></span> <span class='ocrx_word' id='word_1_332' title='bbox 343 2605 422 2632; x_wconf 88' lang='lat' dir='ltr'><strong>nec</strong></span> <span class='ocrx_word' id='word_1_333' title='bbox 459 2590 732 2644; x_wconf 85' lang='lat' dir='ltr'><strong>magnitudo,</strong></span> <span class='ocrx_word' id='word_1_334' title='bbox 768 2603 848 2631; x_wconf 90' lang='lat' dir='ltr'><strong>nec</strong></span> <span class='ocrx_word' id='word_1_335' title='bbox 890 2591 1042 2645; x_wconf 85' lang='lat' dir='ltr'><strong>figura,</strong></span> <span class='ocrx_word' id='word_1_336' title='bbox 1073 2599 1118 2634; x_wconf 90' lang='lat' dir='ltr'><strong>et</strong></span> <span class='ocrx_word' id='word_1_337' title='bbox 1155 2594 1254 2635; x_wconf 92' lang='lat' dir='ltr'><strong>ideo</strong></span> <span class='ocrx_word' id='word_1_338' title='bbox 1288 2595 1321 2634; x_wconf 87' lang='lat' dir='ltr'><strong>si</strong></span> <span class='ocrx_word' id='word_1_339' title='bbox 1354 2595 1515 2636; x_wconf 84' lang='lat' dir='ltr'><strong>habeat</strong></span> <span class='ocrx_word' id='word_1_340' title='bbox 1548 2609 1634 2637; x_wconf 89' lang='lat' dir='ltr'><strong>una</strong></span> 
     </span>
    </p>
   </div>
   <div class='ocr_carea' id='block_1_3' title="bbox 69 2719 1638 2870">
    <p class='ocr_par' dir='ltr' id='par_1_3' title="bbox 69 2719 1638 2870">
     <span class='ocr_line' id='line_1_37' title="bbox 142 2719 1638 2761; baseline 0.003 -10"><span class='ocrx_word' id='word_1_341' title='bbox 142 2729 181 2751; x_wconf 83' lang='lat'><strong>12</strong></span> <span class='ocrx_word' id='word_1_342' title='bbox 206 2719 336 2761; x_wconf 87' lang='lat' dir='ltr'><strong>tamen]</strong></span> <span class='ocrx_word' id='word_1_343' title='bbox 354 2731 420 2751; x_wconf 90' lang='lat' dir='ltr'><strong>om.</strong></span> <span class='ocrx_word' id='word_1_344' title='bbox 437 2720 504 2750; x_wconf 91' lang='lat' dir='ltr'><strong>FD</strong></span> <span class='ocrx_word' id='word_1_345' title='bbox 742 2728 780 2758; x_wconf 87' lang='lat'><strong>15</strong></span> <span class='ocrx_word' id='word_1_346' title='bbox 805 2719 895 2761; x_wconf 90' lang='lat' dir='ltr'><strong>eam]</strong></span> <span class='ocrx_word' id='word_1_347' title='bbox 915 2730 988 2751; x_wconf 87' lang='lat' dir='ltr'><strong>earn</strong></span> <span class='ocrx_word' id='word_1_348' title='bbox 1007 2726 1041 2753; x_wconf 84' lang='lat' dir='ltr'><strong>et</strong></span> <span class='ocrx_word' id='word_1_349' title='bbox 1057 2722 1122 2752; x_wconf 90' lang='lat' dir='ltr'><strong>FD</strong></span> <span class='ocrx_word' id='word_1_350' title='bbox 1348 2724 1386 2754; x_wconf 92' lang='lat'><strong>16</strong></span> <span class='ocrx_word' id='word_1_351' title='bbox 1409 2724 1500 2755; x_wconf 89' lang='lat' dir='ltr'><strong>illam</strong></span> <span class='ocrx_word' id='word_1_352' title='bbox 1520 2735 1586 2757; x_wconf 84' lang='lat' dir='ltr'><strong>om.</strong></span> <span class='ocrx_word' id='word_1_353' title='bbox 1602 2725 1638 2756; x_wconf 93' lang='lat' dir='ltr'><em>D</em></span> 
     </span>
     <span class='ocr_line' id='line_1_38' title="bbox 94 2771 1637 2818; baseline 0.004 -15"><span class='ocrx_word' id='word_1_354' title='bbox 94 2772 215 2813; x_wconf 83' lang='lat' dir='ltr'><strong>suerit]</strong></span> <span class='ocrx_word' id='word_1_355' title='bbox 232 2773 293 2803; x_wconf 87' lang='lat' dir='ltr'><strong>suit</strong></span> <span class='ocrx_word' id='word_1_356' title='bbox 309 2772 374 2803; x_wconf 87' lang='lat' dir='ltr'><strong>FD</strong></span> <span class='ocrx_word' id='word_1_357' title='bbox 552 2783 595 2803; x_wconf 90' lang='lat'><strong>20</strong></span> <span class='ocrx_word' id='word_1_358' title='bbox 618 2771 748 2814; x_wconf 83' lang='lat' dir='ltr'><strong>saltim]</strong></span> <span class='ocrx_word' id='word_1_359' title='bbox 765 2771 885 2803; x_wconf 84' lang='lat' dir='ltr'><strong>saltem</strong></span> <span class='ocrx_word' id='word_1_360' title='bbox 903 2772 968 2803; x_wconf 90' lang='lat' dir='ltr'><strong>FD</strong></span> <span class='ocrx_word' id='word_1_361' title='bbox 1150 2785 1193 2814; x_wconf 86' lang='lat'><strong>32</strong></span> <span class='ocrx_word' id='word_1_362' title='bbox 1217 2786 1285 2806; x_wconf 90' lang='lat' dir='ltr'><strong>non</strong></span> <span class='ocrx_word' id='word_1_363' title='bbox 1303 2776 1432 2818; x_wconf 85' lang='lat' dir='ltr'><strong>debita]</strong></span> <span class='ocrx_word' id='word_1_364' title='bbox 1450 2778 1567 2818; x_wconf 89' lang='lat' dir='ltr'><strong>majori</strong></span> <span class='ocrx_word' id='word_1_365' title='bbox 1583 2779 1637 2809; x_wconf 90' lang='lat' dir='ltr'><strong>vel</strong></span> 
     </span>
     <span class='ocr_line' id='line_1_39' title="bbox 69 2824 991 2870; baseline 0.001 -15"><span class='ocrx_word' id='word_1_366' title='bbox 69 2867 74 2870; x_wconf 36' lang='lat'><em>·</em></span> <span class='ocrx_word' id='word_1_367' title='bbox 96 2825 218 2856; x_wconf 85' lang='lat' dir='ltr'><strong>minori</strong></span> <span class='ocrx_word' id='word_1_368' title='bbox 236 2825 272 2855; x_wconf 91' lang='lat' dir='ltr'><em>D</em></span> <span class='ocrx_word' id='word_1_369' title='bbox 405 2834 446 2865; x_wconf 87' lang='lat'><strong>35</strong></span> <span class='ocrx_word' id='word_1_370' title='bbox 472 2824 596 2866; x_wconf 87' lang='lat' dir='ltr'><strong>figura]</strong></span> <span class='ocrx_word' id='word_1_371' title='bbox 615 2825 722 2864; x_wconf 86' lang='lat' dir='ltr'><strong>figura</strong></span> <span class='ocrx_word' id='word_1_372' title='bbox 739 2834 809 2856; x_wconf 91' lang='lat' dir='ltr'><strong>non</strong></span> <span class='ocrx_word' id='word_1_373' title='bbox 827 2825 941 2857; x_wconf 87' lang='lat' dir='ltr'><strong>debita</strong></span> <span class='ocrx_word' id='word_1_374' title='bbox 957 2825 991 2856; x_wconf 90' lang='lat' dir='ltr'><em>D</em></span> 
     </span>
    </p>
   </div>
  </div>
 </body>
</html>
