1934 3152
45 532 62 563 5

22 1047 63 1069 10

23 1396 62 1429 15

24 2437 66 2470 30

812 135 888 166 121

84 240 291 278 movente
332 247 419 276 non
457 234 500 274 in
538 240 673 276 moto.
737 235 958 289 Quoniam
1000 249 1102 279 vero
1128 236 1361 277 'naturalia
1396 237 1621 278 continent

84 305 312 346 materiam
343 309 387 344 et
415 303 615 353 formam,
643 317 729 357 que
750 313 962 347 vocantur
992 313 1146 346 nature
1166 319 1192 347 a
1220 305 1380 359 quibus
1405 305 1619 347 naturalia

82 374 295 424 dicantur,
336 378 380 414 et
429 373 618 414 sciencia
659 375 869 416 naturalis
909 389 935 416 a
976 389 1062 428 qua
1105 373 1251 416 differt
1293 375 1618 424 mathematica,

82 443 182 484 ideo
223 443 335 484 sicut
365 441 635 483 Aristoteles
678 444 905 485 descendit
941 445 998 485 ad
1033 444 1330 486 diversitatem
1364 443 1476 485 hanc
1510 444 1620 484 inter

83 511 297 553 naturalia
318 518 361 553 et
385 511 771 564 mathematicalia‚
792 513 853 554 sic
875 514 1056 567 expedit
1078 514 1197 567 quod
1220 512 1291 555 hic
1311 512 1454 555 faciat.

139 690 380 732 Dz'stz‘nccz'o
414 698 453 743 5.
530 690 582 731 de
610 689 809 731 omnibus
839 691 982 732 causis
1017 691 1298 733 naturalibus
1327 697 1371 732 et
1395 697 1479 745 per
1508 704 1552 731 se
1582 696 1624 731 et

72 767 154 815 per
175 759 369 802 accidens
394 758 399 816 Ι
427 759 589 801 liabens
607 760 796 815 capitula
816 767 1015 813 quatuor.

145 867 392 923 Capitulum
424 869 624 924 primum
670 869 722 909 de
761 868 972 910 divisione
1006 883 1131 911 cause
1172 870 1219 911 in
1260 876 1449 922 quatuor
1480 868 1623 910 modos

67 939 280 993 famosos.

141 1031 383 1084 Postquam
413 1030 581 1072 dictum
615 1037 681 1072 est
710 1032 764 1072 de
795 1038 951 1072 natura
982 1037 1026 1072 et
1059 1031 1201 1073 modis
1233 1031 1326 1085 ejus
1349 1037 1393 1072 et
1425 1030 1619 1084 proprie-

83 1100 248 1142 tatibus
275 1107 318 1141 et
342 1100 528 1141 annexis
550 1100 627 1149 eis,
650 1100 1006 1154 subjungendum
1029 1106 1096 1142 est
1117 1102 1171 1142 de
1192 1101 1332 1142 causis
1350 1099 1620 1141 naturalibus

82 1170 288 1211 omnibus
320 1176 364 1211 et
396 1169 740 1223 proprietatibus
772 1176 816 1211 θῖ
848 1169 1256 1223 comparacionibus
1287 1183 1447 1210 earum.
1510 1168 1623 1210 Sunt

83 1240 216 1294 igitur
247 1245 438 1293 quatuor
468 1252 598 1280 cause
629 1238 892 1292 principales
923 1246 966 1280 et
999 1238 1177 1290 famose,
1207 1238 1386 1286 scilicet,
1419 1238 1622 1286 effidem,

83 1317 127 1350 θῖ
155 1309 351 1357 materia,
374 1314 417 1350 et
439 1307 592 1357 forma,
614 1315 657 1349 θῖ
681 1308 789 1349 finis.
854 1309 1057 1350 Efficiens
1080 1315 1146 1349 est
1173 1321 1398 1363 generans,
1419 1313 1468 1348 ut
1488 1307 1621 1348 homo

74 1376 266 1433 'generat
301 1378 538 1429 hominem,
575 1378 686 1432 ignis
724 1379 886 1431 ignem,
922 1386 966 1419 et
1000 1378 1119 1419 calor
1155 1377 1360 1428 calorem,
1394 1384 1438 1418 et
1473 1377 1534 1418 sic
1568 1378 1622 1418 de

82 1449 190 1490 aliis.
252 1448 441 1489 Materia
463 1455 531 1490 est
555 1448 610 1489 de
631 1461 718 1501 qua
747 1447 796 1489 fit
825 1462 903 1499 reS,
926 1455 975 1489 ut
1003 1461 1154 1489 semen
1183 1448 1238 1489 de
1266 1461 1354 1500 quo
1384 1447 1434 1488 fit
1456 1447 1623 1488 embrio

83 1518 125 1558 in
157 1523 308 1559 ventre
345 1517 511 1558 matris.
590 1517 670 1558 Set
703 1517 783 1558 hec
821 1523 888 1558 est
930 1517 1115 1559 materia
1150 1530 1237 1571 que
1272 1517 1434 1570 recepit
1472 1530 1623 1570 opera-

83 1587 254 1629 cionem
277 1587 448 1640 agentis
474 1593 518 1628 et
546 1585 760 1627 subicitur
787 1587 927 1640 primo
950 1586 1117 1627 accioni
1146 1594 1190 1627 et
1215 1585 1499 1640 corrupcioni‚
1520 1586 1623 1638 quia

82 1657 374 1710 corrumpitur
398 1662 555 1698 natura
586 1656 761 1698 seminis
793 1655 996 1710 specifica
1027 1669 1164 1708 usque
1195 1655 1251 1696 ad
1283 1655 1474 1695 radicem
1503 1668 1622 1695 com-

24 1745 38 1766 2
84 1739 262 1767 munem
279 1727 475 1766 animato
493 1732 536 1766 et
558 1725 728 1776 semini,
747 1725 868 1779 quod
892 1732 958 1766 est
976 1725 1170 1766 essencia
1187 1724 1359 1778 generis
1377 1723 1622 1765 communis

83 1797 156 1844 eis,
193 1809 279 1849 que
312 1795 506 1836 essencia
540 1801 606 1836 est
639 1795 902 1849 principium
937 1793 1160 1836 materiale
1196 1793 1544 1847 promovendum
1578 1792 1621 1832 in

82 1879 177 1906 esse
209 1863 479 1919 specfficum,
514 1871 558 1906 et
595 1864 656 1905 hii
693 1865 783 1905 duo
822 1864 942 1905 modi
981 1864 1161 1905 materie
1194 1863 1302 1904 tacti
1339 1869 1440 1903 sunt
1477 1875 1621 1916 supra,

83 1934 278 1988 capitulo
313 1941 471 1988 quarto
510 1934 639 1988 prius.
703 1934 763 1975 Et
804 1934 965 1975 tercius
1005 1940 1082 1982 est,
1124 1933 1198 1987 qui
1239 1937 1306 1973 est
1347 1931 1484 1972 altera
1524 1945 1622 1984 pars

83 2004 317 2058 compositi
354 2003 554 2057 subjecta
586 2003 725 2044 forme
765 2003 808 2044 in
845 2003 1182 2057 composicione,
1217 2002 1307 2042 sive
1342 2002 1397 2042 sit
1439 2001 1623 2042 materia

25 2073 298 2128 2-generalis
340 2073 538 2127 subjecta
570 2071 709 2113 forme
741 2072 926 2125 generis,
967 2072 1058 2112 sive
1098 2071 1153 2112 sit
1195 2070 1378 2112 materia
1417 2069 1623 2123 specifica

84 2142 284 2196 subjecta
314 2142 453 2183 forme
483 2140 698 2196 specifice.
761 2141 832 2182 De
863 2141 947 2182 hoc
980 2141 1113 2181 modo
1141 2140 1280 2181 eciam
1308 2139 1427 2194 prius
1455 2139 1622 2180 dictum

85 2219 162 2262 est,
195 2219 239 2254 et
270 2218 338 2253 est
370 2212 556 2253 materia
587 2211 630 2251 in
662 2224 760 2264 qua,
785 2216 834 2252 ut
865 2210 1111 2264 subjectum
1143 2215 1341 2263 respectu
1371 2208 1622 2258 accidentis,

86 2277 133 2322 ut
152 2287 319 2323 tactum
343 2288 410 2323 est
433 2281 475 2321 in
499 2281 643 2322 modis
666 2280 859 2322 materie.
902 2279 1063 2321 Semen
1085 2285 1234 2320 autem
1257 2278 1417 2320 dicitur
1438 2279 1623 2318 materia

85 2359 129 2393 et
161 2349 366 2401 efficiens,
398 2356 465 2392 set
500 2363 651 2391 semen
686 2349 840 2391 matris
871 2356 938 2390 est
977 2348 1173 2399 materia,
1204 2361 1353 2389 semen
1383 2347 1520 2401 patris
1556 2354 1623 2389 est

87 2419 291 2470 efficiens,
320 2420 432 2461 sicut
458 2420 752 2460 determinant
782 2417 1050 2460 Aristoteles
1081 2424 1125 2459 et
1156 2416 1386 2459 Avicenna
1414 2417 1527 2458 libro
1552 2416 1621 2457 De

85 2489 376 2531 Animalibus.
432 2486 595 2529 Semen
612 2495 761 2529 autem
783 2488 920 2541 patris
944 2494 1010 2529 est
1028 2487 1211 2529 materia
1232 2487 1478 2540 spirituum,
1493 2487 1548 2528 de
1570 2500 1623 2528 eo

126 2624 146 2654 3
170 2613 341 2655 dicantur]
360 2613 519 2644 dicuntur
534 2612 600 2643 FD
741 2621 761 2652 5
785 2611 901 2653 saciat]
920 2612 978 2642 fiat
995 2611 1045 2643 F:
1070 2612 1152 2642 fiant
1168 2611 1204 2642 D
1345 2612 1411 2651 6-9
1436 2611 1623 2643 Distinccio

85 2691 93 2698 .
112 2691 118 2698 .
139 2691 146 2698 .
163 2666 313 2698 famosos
330 2676 396 2697 om.
413 2665 449 2696 D
639 2666 661 2696 6
687 2664 755 2706 De]
776 2664 1025 2696 Universaliter
1040 2664 1083 2695 de
1099 2664 1133 2694 F
1260 2668 1294 2695 et
1312 2673 1375 2704 per
1390 2663 1445 2705 se]
1464 2675 1526 2705 per
1541 2675 1580 2695 se
1597 2665 1629 2694 F

86 2730 103 2759 7
127 2718 290 2760 quatuor]
307 2719 458 2758 quinque
474 2717 508 2748 F
567 2717 699 2749 habens
716 2718 749 2748 it.
769 2716 810 2747 M
910 2727 949 2757 13
973 2721 1119 2757 quatuor
1135 2727 1200 2749 om.
1218 2716 1254 2747 D
1346 2717 1384 2747 18
1403 2721 1455 2756 pr.
1474 2716 1525 2758 et]
1543 2723 1579 2748 ut
1597 2717 1629 2748 F

84 2783 126 2803 22
151 2771 269 2813 supra]
288 2772 469 2803 distinccio
486 2770 593 2811 prima
610 2770 646 2801 D
663 2781 670 2801 :
693 2780 760 2802 om.
776 2770 810 2801 F
946 2780 987 2809 24
1010 2769 1181 2810 subjecta]
1199 2769 1369 2801 abstracta
1385 2769 1420 2800 D
1560 2771 1625 2802 26-

84 2825 126 2856 28
149 2824 310 2866 specifice
327 2849 334 2857 .
353 2849 360 2856 .
380 2848 387 2855 .
408 2823 518 2855 modis
535 2833 601 2855 om.
623 2822 658 2853 D
790 2832 830 2862 31
856 2821 986 2863 autem]
1005 2821 1112 2854 eciam
1129 2821 1194 2852 FD

1641 770 1717 809 331)
1737 781 1764 801 2.
