1934 3152
156 1923 275 1956 15a1.

1005 105 1062 164 56

263 234 307 271 et
338 228 381 270 in
405 227 595 270 infinitis.
657 225 737 268 Set
766 225 872 266 illud
899 223 1080 265 omnino
1109 222 1381 279 reprobatur,
1410 214 1801 277 primorquantum

265 299 320 340 ad
343 299 426 340 hoc
455 298 573 353 quod
597 297 725 338 datur
747 296 786 337 ei
808 293 1012 349 potencia
1041 292 1224 335 infinita.
1286 293 1382 334 Nec
1403 298 1579 347 oportet
1601 291 1805 333 cavillare

267 369 310 410 in
346 369 442 418 hoc,
478 367 667 410 dicendo
702 365 821 420 quod
859 377 947 405 non
982 369 1048 405 est
1082 377 1185 405 vera
1221 361 1427 414 infinitas,
1460 376 1538 417 per
1570 356 1713 403 simile
1751 361 1806 403 de

268 438 475 495 potencia
511 435 733 479 divisionis
765 433 974 482 continui,
1006 446 1092 487 que
1122 446 1348 487 nunquam
1385 438 1535 487 potest
1571 431 1809 482 terminari,

269 512 313 548 et
351 506 450 547 ideo
487 504 646 545 dicitur
682 501 853 543 infinita
884 501 1102 556 potencia,
1132 506 1177 542 et
1212 497 1372 541 tamen*
1392 506 1573 555 propter
1604 498 1688 541 hoc
1719 511 1807 539 non
1829 517 1848 550 5

271 582 459 630 equatur
490 574 747 615 continuum
781 572 893 613 Deo.
958 569 1072 612 Illud
1104 570 1221 612 enim
1253 569 1385 611 nichil
1417 576 1495 620 est,
1526 576 1676 611 tamen
1707 567 1812 622 quia

274 646 354 687 hec
394 644 599 699 potencia
640 641 836 685 continui
878 654 966 682 non
1008 646 1075 681 est
1116 647 1315 696 respectu
1358 646 1482 681 actus
1523 638 1697 690 infiniti,
1732 651 1812 680 nec

274 715 543 757 infinitorum
578 712 707 754 simul
740 713 782 753 in
813 718 914 753 actu
945 710 1375 761 considerandorum,
1410 716 1454 751 et
1490 710 1589 752 ideo
1627 721 1716 751 non
1748 715 1814 750 est

274 786 355 827 hec
377 784 583 839 potencia
604 789 703 824 actu
725 780 895 822 infinita
916 787 982 822 set
1005 781 1049 822 in
1071 780 1275 834 potencia
1296 786 1483 822 tantum.

337 855 417 897 Set
452 854 533 895 hec
569 858 766 908 potestas
808 852 939 893 datur
978 851 1020 892 in
1062 857 1236 893 tantum
1273 850 1354 906 ipsi
1394 850 1588 902 materie,
1624 849 1746 904 quod,
1780 848 1817 889 si

277 930 422 966 essent
450 930 551 965 actu
581 922 750 964 infinita
781 920 1038 976 composita,
1064 927 1210 975 posset
1239 921 1294 961 de
1322 934 1368 961 se
1396 934 1489 962 esse
1513 919 1744 962 actualiter
1773 919 1818 960 in

278 995 361 1036 illis
403 994 594 1044 infinitis,
636 999 679 1034 et
721 992 822 1033 ideo
864 991 1094 1033 actualiter
1140 990 1273 1032 habet
1314 991 1529 1032 intensive
1570 989 1819 1045 potenciam

281 1064 498 1108 infinitam
520 1063 762 1105 secundum
780 1062 891 1104 hanc
909 1061 1319 1103 consideracionem.
1364 1061 1424 1102 Et
1442 1061 1599 1102 iterum
1617 1058 1823 1115 potencia

281 1135 480 1177 continui
521 1147 609 1175 non
653 1139 718 1174 est
757 1131 991 1174 consimilis
1032 1131 1235 1186 potencie
1275 1131 1433 1182 divine,
1475 1131 1578 1185 quia
1619 1129 1824 1184 potencia

283 1206 432 1247 divina
463 1203 663 1245 excludit
694 1202 764 1244 hic
797 1202 1065 1244 artacionem
1097 1208 1141 1243 et
1172 1201 1488 1243 limitacionem
1521 1206 1736 1255 quantum
1767 1199 1822 1241 ad

284 1274 502 1318 actualem
534 1273 821 1315 existenciam
848 1272 891 1313 in
924 1272 1133 1327 pluribus,
1162 1278 1228 1313 set
1259 1271 1441 1313 materie
1470 1270 1725 1313 conceditur
1754 1268 1827 1311 illa

286 1345 454 1393 eadem,
500 1349 771 1398 quapropter
813 1342 894 1384 erit
935 1355 1021 1383 una
1069 1341 1260 1383 infinitas
1300 1356 1326 1384 a
1367 1348 1492 1395 parte
1538 1339 1742 1396 potencie
1783 1345 1828 1380 et

289 1414 472 1456 materie
493 1414 603 1455 sicut
624 1413 668 1454 in
692 1413 804 1454 Deo.
856 1411 1074 1467 Arguitur
1096 1425 1200 1467 ergo
1222 1412 1293 1462 sic,
1316 1411 1520 1466 potencia
1541 1424 1629 1452 non
1650 1410 1829 1452 excedit

290 1484 541 1535 essenciam,
560 1490 603 1524 et
625 1483 725 1524 ideo
746 1482 780 1523 si
804 1483 1006 1538 potencia
1027 1488 1092 1523 est
1109 1481 1292 1532 infinita,
1311 1488 1355 1523 et
1376 1480 1625 1523 substancia
1647 1479 1830 1521 materie

291 1562 356 1597 est
393 1553 574 1602 infinita,
610 1553 816 1608 potencia
851 1554 968 1594 enim
1005 1558 1071 1593 est
1106 1552 1306 1594 accidens
1346 1549 1594 1592 substancie
1636 1548 1830 1590 materie.

292 1625 382 1667 Sed
420 1624 588 1665 nullum
625 1623 827 1665 accidens
863 1622 1050 1672 excedit,
1090 1635 1170 1664 nec
1213 1628 1279 1663 est
1316 1620 1470 1663 melius
1505 1633 1584 1661 suo
1620 1618 1833 1673 subjecto,

294 1709 400 1750 ergo
430 1696 464 1736 si
497 1694 701 1749 potencia
733 1701 797 1735 est
829 1692 1010 1742 infinita,
1043 1691 1226 1734 materia
1258 1698 1322 1733 est
1352 1690 1537 1741 infinita,
1563 1696 1607 1732 et
1639 1689 1723 1732 hoc
1755 1703 1834 1744 per

294 1766 431 1808 simile
471 1765 659 1806 habetur
700 1778 758 1806 ex
799 1763 1043 1818 penultima
1079 1762 1383 1818 proposicione
1419 1759 1470 1802 de
1508 1759 1673 1812 Cumis,
1715 1759 1835 1814 quod

295 1837 416 1878 accio
447 1842 644 1878 creature
676 1847 762 1876 non
794 1840 941 1889 potest
974 1832 1214 1874 mensurari
1247 1832 1478 1874 eternitate
1514 1837 1558 1872 et
1589 1829 1838 1872 substancia

296 1913 507 1961 tempore,
523 1904 723 1960 quamvis
740 1918 763 1945 e
781 1917 1002 1952 converso,
1030 1900 1036 1957 Ι
1062 1902 1163 1956 quia
1184 1902 1306 1943 accio
1329 1915 1416 1943 non
1439 1901 1616 1943 excedit
1636 1900 1836 1941 substan·

297 1977 424 2026 ciam,
445 1982 558 2017 esset
580 1974 696 2015 enim
719 1973 873 2015 melior
894 1973 1012 2015 accio
1033 1969 1295 2022 substancia,
1319 1979 1366 2014 ut
1387 1972 1495 2014 dicit
1517 1970 1576 2012 ibi
1600 1969 1837 2012 Commen-

297 2052 431 2095 tator‚
454 2045 489 2086 si
518 2045 639 2086 accio
667 2043 899 2085 eternitate
929 2049 1252 2084 mensuraretur
1279 2049 1321 2083 et
1347 2041 1597 2083 substancia
1627 2047 1840 2094 tempore,

300 2129 435 2170 quare
452 2113 652 2156 similiter
667 2113 737 2156 hic
758 2113 792 2154 si
815 2113 1018 2168 potencia
1036 2112 1218 2154 materie
1239 2118 1304 2154 est
1324 2110 1506 2165 infinita,
1523 2116 1567 2152 et
1588 2108 1840 2151 substancia

347 2258 388 2288 23
416 2250 461 2279 de
489 2245 638 2288 Causis]
667 2255 761 2286 prop.
787 2255 826 2285 31
848 2246 879 2277 ‘.
899 2269 907 2276 .
927 2268 936 2277 .
957 2244 1029 2275 Res
1056 2248 1168 2275 autem
1197 2243 1324 2275 cadens
1350 2242 1414 2274 sub
1441 2248 1596 2283 ternpore
1624 2241 1658 2272 in
1687 2239 1842 2272 omnibus

304 2299 585 2341 dispositionibus
613 2298 683 2330 suis
705 2298 860 2338 sejuncta
883 2301 936 2329 est
959 2308 978 2328 a
1002 2307 1038 2328 se
1061 2297 1205 2327 cadente
1228 2296 1292 2327 sub
1317 2295 1498 2327 eternitate
1527 2294 1561 2325 in
1589 2293 1748 2329 omnibus
1774 2292 1844 2323 dis·

305 2353 533 2394 positionibus
556 2351 626 2382 suis
643 2375 651 2383 .
670 2374 679 2383 .
700 2351 722 2383 .’
946 2351 988 2381 26
1011 2348 1310 2390 Commentator]
1335 2348 1414 2380 ibid.
1436 2345 1675 2388 ‘Impossibile
1698 2354 1845 2384 namque

305 2410 355 2436 est
378 2410 413 2436 ut
435 2405 479 2436 sit
501 2415 555 2435 res
575 2404 671 2443 cujus
691 2402 881 2434 substantia
897 2402 995 2433 cadat
1012 2402 1075 2432 sub
1092 2407 1246 2442 tempore
1263 2406 1297 2432 et
1313 2402 1387 2441 ejus
1403 2401 1492 2431 actio
1508 2399 1571 2432 sub
1587 2397 1777 2436 eternitate,
1794 2396 1844 2429 sic

306 2458 399 2488 enim
415 2457 505 2488 actio
522 2457 595 2496 ejus
611 2455 731 2487 melior
746 2461 836 2487 esset
852 2455 958 2496 ipsius
974 2455 1174 2495 substantia,
1194 2454 1259 2486 hoc
1275 2459 1388 2485 autem
1405 2450 1614 2493 impossibile
1632 2448 1710 2482 est.’

358 2586 371 2606 1
397 2575 522 2616 primo]
541 2580 576 2606 et
593 2575 702 2615 primo
718 2574 783 2605 FD
945 2583 965 2604 2
991 2571 1160 2614 cavillare]
1180 2571 1327 2603 cavillari
1344 2570 1408 2601 FD
1567 2577 1589 2608 3
1612 2565 1710 2608 vera]
1728 2577 1795 2598 una
1811 2565 1847 2597 D

310 2629 332 2658 6
358 2628 442 2659 Illud
460 2628 566 2667 enirn]
587 2627 647 2658 Set
664 2627 753 2658 istud
769 2626 804 2657 F
1002 2636 1019 2665 7
1044 2624 1159 2666 actus]
1176 2624 1318 2664 alicujus
1335 2622 1377 2653 M
1580 2629 1620 2651 10
1643 2619 1708 2660 ipsi
1726 2629 1793 2650 om.
1811 2617 1848 2649 D

316 2690 350 2710 11
378 2680 508 2721 posset]
527 2680 634 2719 possit
646 2679 679 2710 F
787 2688 825 2709 12
849 2677 929 2720 illis]
947 2677 1075 2718 ipsisD
1090 2690 1097 2709 :
1121 2688 1187 2708 om.
1200 2676 1234 2707 F
1341 2685 1380 2715 13
1405 2674 1448 2706 Et
1465 2671 1602 2713 iterum]
1620 2677 1771 2703 ceterum
1784 2670 1850 2702 FD

317 2734 357 2764 16
379 2732 448 2773 set]
466 2737 500 2763 et
515 2732 578 2763 FD
654 2731 709 2762 illa
727 2742 794 2763 om.
810 2730 845 2761 D
950 2740 988 2769 17
1012 2729 1096 2771 una]
1114 2740 1195 2761 vera
1211 2728 1243 2759 F
1313 2732 1347 2759 et
1363 2738 1427 2759 om.
1443 2726 1476 2757 F
1571 2735 1614 2756 20
1637 2722 1850 2764 substancie]

314 2785 471 2825 potencie
489 2785 523 2814 D
641 2794 683 2814 22
707 2782 862 2824 materia]
880 2787 915 2813 et
932 2782 1073 2814 materia
1090 2781 1124 2813 F
1237 2790 1278 2821 23
1302 2778 1408 2820 quod]
1425 2778 1504 2819 quia
1519 2777 1554 2809 D
1672 2777 1715 2808 26
1738 2775 1849 2818 enim]

315 2836 406 2869 enim
423 2842 502 2868 tunc
520 2836 555 2867 D
643 2834 740 2877 dicit]
758 2835 842 2866 dixit
858 2834 894 2865 D

1838 865 1879 888 10

1852 1565 1891 1588 20

1857 1914 1896 1948 ²5
