1934 3152
797 126 878 170 113

128 223 207 268 Set
232 224 459 280 quomodo
481 226 652 281 appetit
676 239 837 268 novum
859 242 950 270 esse
971 243 1070 270 cum
1093 229 1256 272 habeat
1279 231 1322 272 in
1350 239 1450 274 actu
1474 247 1607 275 unum

68 296 348 348 contrarium,
390 296 530 350 magis
573 296 689 337 enim
732 297 864 339 debet
912 306 1124 353 appetere
1171 301 1463 343 retencionem
1516 317 1609 344 esse

67 365 258 419 specifici
280 366 401 420 quod
427 365 575 418 habet,
598 379 731 419 quam
755 367 873 409 aliud
896 371 1016 422 quod
1039 383 1126 411 non
1148 370 1293 422 habet,
1317 379 1384 413 set
1407 379 1607 427 respectu

68 432 182 473 illius
213 433 333 487 quod
367 431 502 473 habet
538 445 627 474 non
663 439 809 487 potest
847 436 931 476 dici
965 437 1259 491 appetitivum
1300 440 1607 493 corrupcionis,

29 515 47 548 5
68 501 170 555 quia
202 501 245 542 in
278 500 353 543 illo
386 501 621 556 perficitur,
648 508 692 543 et
722 503 858 545 habet
889 518 984 546 esse
1016 520 1093 560 per
1124 506 1242 559 illud,
1265 515 1309 549 et
1341 521 1427 549 non
1460 515 1605 563 potest
1624 520 1661 552 31
1682 512 1704 543 b
1724 521 1752 544 1,

66 584 171 627 esse¹
191 577 338 613 motus
370 571 450 613 nisi
482 579 788 626 corrumpatur
819 573 938 626 illud,
959 589 1094 629 quare
1124 591 1211 618 non
1244 578 1326 619 erit
1352 578 1396 619 in
1424 580 1608 620 materia

67 640 329 696 principium
352 646 499 681 motus
520 641 824 695 appetitivum.
890 644 1140 686 Dicendum
1164 652 1229 688 est
1251 649 1369 701 quod
1393 647 1476 689 hoc
1497 648 1609 689 bene

66 717 321 765 sequeretur
348 711 383 751 si
406 711 632 765 appetitus
663 712 843 753 materie
872 713 1162 768 compleretur
1183 716 1365 758 omnino
1395 731 1473 771 per
1501 717 1608 759 illud

66 780 186 835 quod
217 779 365 833 habet,
397 786 466 821 set
498 781 683 822 materia
714 781 756 822 in
794 782 924 823 rebus
961 784 1282 837 generabilibus
1315 791 1359 827 et
1391 787 1608 841 corrupti-

10 863 49 887 10
68 850 230 892 bilibus
261 864 350 892 non
382 850 628 905 completur
659 865 738 905 pei·
768 851 954 894 alterum
988 855 1319 906 contrariorum,
1345 857 1462 898 unde
1494 855 1606 897 mul-

67 927 162 962 tum
194 921 251 962 de
281 920 483 975 appetitu
514 934 595 961 suo
628 927 673 961 et
704 922 950 975 capacitate
977 931 1173 965 remanet
1204 925 1532 979 incompleturn,
1565 931 1608 966 et

68 990 168 1031 ideo
182 989 286 1031 licet
300 995 485 1044 appetat
501 989 608 1030 illud
624 990 743 1043 quod
761 996 894 1043 tenet,
910 998 1058 1034 tamen
1075 993 1205 1034 simul
1220 1008 1318 1035 cum
1337 995 1419 1035 hoc
1437 995 1608 1049 appetit

67 1059 246 1101 aliunde
267 1059 490 1114 compleri,
512 1066 556 1101 et
579 1072 666 1100 non
687 1059 766 1101 nisi
793 1075 871 1114 per
892 1063 1158 1104 contrarium
1182 1063 1294 1105 illius
1320 1065 1438 1118 quod
1462 1065 1607 1115 habet,

68 1129 171 1184 quia
208 1143 297 1171 non
334 1135 400 1170 est
437 1129 479 1170 in
519 1129 724 1184 potencia
758 1131 839 1171 nisi
877 1132 931 1171 ad
971 1133 1199 1184 contraria,
1235 1133 1346 1175 sicut
1379 1148 1517 1188 genus
1550 1135 1606 1175 ad

11 1218 48 1250 ¹5
69 1200 236 1255 species
261 1200 516 1252 contrarias,
536 1206 718 1254 propter
740 1202 860 1253 quod
888 1201 1108 1244 desiderat
1128 1217 1302 1258 semper
1324 1217 1485 1245 novum
1506 1219 1608 1255 esse,

68 1275 112 1310 et
144 1268 228 1311 hoc
260 1275 327 1310 est
352 1283 430 1324 per
460 1282 507 1310 se
538 1269 838 1310 desideratum
870 1271 926 1312 ab
960 1285 1022 1322 ea,
1045 1278 1090 1314 et
1120 1273 1181 1314 sic
1207 1273 1376 1327 appetit
1403 1274 1610 1328 compleri

67 1345 244 1382 tantum
270 1353 348 1394 per
376 1353 539 1380 novum
572 1353 678 1390 esse,
700 1346 743 1381 et
775 1339 858 1381 hoc
890 1347 955 1381 est
986 1355 1065 1395 per
1095 1355 1142 1382 se
1174 1342 1486 1393 desideratum,
1508 1343 1610 1385 licet

66 1408 333 1450 contrarium
356 1422 520 1450 novum
544 1422 632 1450 non
654 1408 842 1450 sufficiat
865 1411 921 1451 ad
946 1410 1038 1452 hoc.
1096 1411 1206 1453 Inde
1228 1419 1295 1453 est
1317 1413 1436 1467 quod
1462 1413 1609 1466 aliquo

68 1478 204 1520 modo
238 1479 410 1532 appetit
443 1478 619 1521 liberari
653 1479 709 1521 ab
744 1493 797 1520 eo
831 1480 949 1533 quod
986 1480 1134 1532 habet,
1166 1482 1341 1533 scilicet,
1373 1489 1421 1524 ut
1456 1483 1610 1523 melius

9 1567 49 1590 20
67 1548 329 1604 perficiatur,
363 1554 407 1590 et
441 1549 543 1591 ideo
579 1550 913 1604 quodammodo
951 1551 1121 1605 appetit
1156 1552 1480 1606 corrupcionem
1519 1553 1610 1606 ejus

67 1619 188 1672 quod
217 1624 353 1671 tenet,
374 1624 442 1659 set
470 1618 554 1660 hoc
585 1632 674 1660 non
706 1626 772 1660 est
804 1620 948 1674 primo
981 1634 1059 1674 per
1087 1634 1146 1669 se,
1178 1628 1244 1663 set
1275 1622 1531 1663 secundario
1564 1628 1608 1663 et

66 1701 145 1742 per
165 1685 378 1743 aclcidens
399 1695 554 1730 contra
576 1689 719 1743 primo
742 1695 785 1731 et
808 1696 959 1731 contra
981 1704 1057 1743 per
1078 1704 1133 1731 se.
1626 1690 1663 1721 F·
1681 1698 1722 1732 93
1740 1701 1758 1721 a
1780 1700 1805 1721 1·

75 1784 78 1787 <
126 1757 207 1799 Set
229 1758 331 1800 licet
352 1759 627 1813 disputatum
652 1766 719 1800 est
742 1760 862 1814 prius
885 1760 939 1800 de
965 1761 1179 1815 principio
1196 1761 1339 1803 activo
1355 1760 1397 1802 in
1414 1762 1608 1813 materia,

0 1849 1 1856 κ
67 1834 112 1869 θῖ
142 1828 484 1869 determinatum
521 1829 577 1870 sit
599 1830 719 1882 quod
742 1830 783 1869 in
810 1830 993 1870 materia
1008 1829 1140 1870 nichil
1163 1836 1228 1872 est
1249 1831 1438 1872 activum
1467 1832 1509 1871 in
1540 1845 1608 1872 ac-

0 1886 47 1948 ᾗ25
66 1897 191 1938 cione
216 1899 539 1940 transmutandi
566 1905 610 1939 et
637 1899 864 1947 efficiendi,
886 1905 1033 1940 tamen
1068 1900 1341 1942 cavillatores
1371 1901 1609 1942 ostendunt

67 1968 187 2021 quod
210 1967 312 2008 licet
337 1981 424 2009 non
447 1983 472 2009 a
493 1982 539 2009 se
562 1967 723 2009 habeat
746 1969 998 2022 potenciam
1020 1970 1193 2023 agendi,
1210 1976 1358 2011 tamen
1380 1970 1514 2011 habet
1531 1984 1609 2025 per

66 2038 273 2078 virtutem
301 2037 475 2091 agentis
508 2051 594 2091 que
627 2037 793 2079 excitat
830 2052 942 2090 eam,
976 2044 1019 2079 et
1052 2039 1147 2093 ipsa
1182 2040 1375 2080 excitata
1409 2053 1487 2094 per
1525 2039 1607 2081 hoc

67 2112 214 2161 potest
245 2119 375 2159 agere
403 2107 459 2147 ad
490 2107 827 2161 produccionem
863 2108 1014 2157 forme,
1048 2109 1139 2149 sive
1171 2109 1342 2150 termini
1374 2109 1429 2149 ad
1464 2123 1608 2162 quem,

67 2176 142 2230 qui
171 2181 352 2216 vocatur
383 2175 525 2217 forma
554 2177 753 2230 quamvis
776 2177 831 2218 sit
851 2177 1161 2231 compositum,
1185 2184 1232 2218 ut
1255 2178 1506 2233 expositum
1529 2185 1604 2220 est.

8 2255 50 2288 30
69 2245 147 2287 Set
180 2245 322 2300 primo
354 2245 524 2300 decepti
555 2253 672 2299 sunt,
703 2247 806 2299 quia
843 2246 1153 2300 ymaginantur
1184 2248 1303 2301 quod
1339 2261 1474 2301 agens
1500 2248 1608 2290 fluat

68 2315 112 2355 in
145 2314 320 2369 paciens
352 2314 531 2368 aliquod
564 2316 894 2370 cooperativum
934 2314 940 2371 Ι
983 2317 1099 2369 quod
1131 2323 1395 2359 transmutet
1429 2317 1606 2371 profun-
1626 2329 1663 2364 3¹
1683 2319 1752 2350 b2-

68 2385 175 2426 dum
207 2383 422 2438 pacientis
451 2391 499 2426 ut
525 2386 580 2426 de
611 2385 814 2440 potencia
839 2386 1019 2426 materie
1041 2386 1226 2427 ducatur
1253 2386 1440 2429 effectus.
1508 2387 1608 2429 Hoc

3 2507 8 2511 Π
70 2454 183 2495 enim
202 2454 320 2508 prius
338 2455 622 2507 reprobatum
642 2460 707 2495 est
725 2455 768 2495 in
786 2460 974 2496 tractatu
991 2455 1062 2496 De
1080 2455 1319 2498 Efficiente.
1371 2456 1610 2499 Ostensum

69 2523 208 2564 eciam
231 2530 296 2564 est
320 2522 380 2563 ibi
403 2524 522 2576 quod
540 2524 647 2565 illud
663 2525 781 2578 quod
799 2537 934 2577 agens
956 2524 1057 2566 facit
1076 2525 1118 2565 in
1135 2525 1276 2578 prima
1292 2533 1417 2580 parte
1438 2527 1610 2581 pacien-

113 2631 134 2662 3
157 2622 249 2662 quod
265 2623 368 2654 habet
385 2633 452 2654 om.
471 2623 506 2653 D
603 2633 622 2663 5
648 2622 681 2654 in
698 2634 764 2654 om.
782 2623 847 2653 FD
948 2633 985 2663 17
1011 2624 1157 2665 tantum]
1176 2624 1326 2656 totaliter
1340 2625 1403 2656 FD
1492 2630 1526 2657 et
1543 2650 1550 2657 .
1570 2649 1578 2658 .
1597 2648 1608 2659 .

69 2674 298 2705 desideratum
315 2686 381 2707 om.
401 2675 436 2706 F
522 2677 561 2706 18
587 2675 688 2717 Inde]
708 2675 811 2707 Unde
829 2676 864 2706 D
952 2686 995 2706 20
1018 2676 1108 2718 ejus]
1126 2676 1277 2717 ejusdem
1294 2677 1328 2707 D
1406 2689 1445 2709 21
1472 2688 1535 2718 per
1550 2677 1606 2719 se]

70 2731 104 2756 et
121 2736 183 2766 per
197 2737 235 2758 se
251 2727 317 2757 FD
406 2738 448 2768 23
472 2728 539 2769 est]
558 2729 603 2759 sit
619 2728 654 2758 D
757 2739 798 2767 24
823 2728 986 2770 activum]
1004 2729 1210 2770 principium
1226 2730 1373 2761 activum
1391 2729 1427 2761 D
1486 2730 1520 2761 in
1538 2741 1605 2763 om.

70 2778 135 2808 FD
268 2789 309 2820 25
332 2780 535 2822 ostendunt]
555 2781 670 2812 dicunt
686 2780 751 2811 FD
883 2791 924 2820 27
952 2781 1127 2823 virtutem]
1144 2782 1289 2813 virtutes
1306 2782 1339 2812 F
1443 2793 1488 2822 30
1512 2783 1608 2825 fluat]

72 2829 190 2861 inssuat
207 2829 269 2861 FD
426 2843 468 2873 32
493 2833 652 2875 ducatur]
670 2833 834 2865 educatur
849 2833 914 2864 FD
1061 2833 1220 2876 effectus]
1236 2834 1378 2866 effeetus
1395 2835 1565 2875 pacientis
1581 2835 1616 2866 F

139 2908 166 2927 R.
181 2909 207 2927 B.
221 2909 240 2927 11
828 2898 846 2930 Ῑ
