1934 3152
822 127 874 169 19

75 227 228 269 similis
265 228 426 281 agenti.
502 227 580 270 Set
618 228 661 268 in
696 229 779 270 hiis
817 229 1090 271 inferioribus
1132 243 1219 271 non
1257 230 1305 272 fit
1340 232 1520 285 species,
1558 247 1615 274 ex

75 297 160 337 hoc
191 298 310 350 quod
343 296 482 337 forma
514 298 574 338 rei
607 297 872 351 multiplicat
903 300 1131 341 materiam
1163 313 1300 350 suam,
1328 314 1433 354 ergo
1463 315 1541 342 nec
1572 304 1615 342 in

75 366 320 416 celestibus,
350 373 415 408 set
453 366 501 408 fit
534 374 738 409 contactu
772 369 959 410 naturali
992 370 1163 424 agentis
1201 375 1245 410 et
1276 370 1492 423 pacientis
1525 385 1614 424 quo

74 449 210 477 unum
233 435 367 476 habet
396 449 524 489 posse
551 437 765 478 alterandi
796 438 912 479 aliud
943 439 1211 480 naturaliter.
1273 439 1333 480 Et
1360 453 1459 481 cum
1480 454 1616 494 agens

37 520 55 552 5
75 504 272 546 naturale
293 519 381 546 non
404 504 505 547 facit
527 507 719 561 speciem
742 506 825 548 hiis
852 507 1017 549 scilicet
1039 508 1246 562 predictis
1269 509 1426 559 modis,
1456 522 1535 551 nec
1561 512 1617 551 de

75 573 225 623 nihilo,
258 575 361 628 quia
393 588 479 616 non
512 583 578 616 est
609 583 794 626 creator,
833 590 912 619 nec
947 577 1111 619 invenit
1148 592 1246 619 eam
1283 585 1412 619 extra
1446 592 1504 628 se,
1536 592 1616 621 nee

75 651 203 692 extra
224 645 414 698 paciens,
438 651 612 698 oportet
635 646 754 699 quod
774 646 816 686 in
840 648 1062 700 tangendo
1084 647 1380 689 substanciam
1403 649 1616 702 pacientis

75 713 206 754 faciat
237 714 378 768 ipsam
410 714 602 768 speciem
635 716 678 755 in
710 729 894 768 corpore
926 717 1152 769 pacientis.
1230 716 1308 759 Set
1346 718 1429 760 hoc
1467 724 1617 772 potest

75 782 259 836 intelligi
291 783 465 824 duobus
498 784 651 834 modis,
687 785 865 834 scilicet,
897 799 975 839 per
1004 787 1121 827 viam
1157 786 1468 840 impressionis,
1504 787 1616 827 sicut

15 863 56 890 10
73 852 262 907 sigillum
311 852 415 895 facit
464 867 589 894 suam
634 854 949 907 sigillacionem
994 856 1037 896 in
1082 869 1192 908 cera,
1232 856 1301 897 vel
1342 870 1420 911 per
1465 869 1616 897 veram

75 929 119 964 et
161 922 407 964 naturalem
451 925 870 965 transmutacionem
912 926 1163 967 substancie
1205 926 1430 980 pacientis,
1472 932 1520 967 ut
1561 925 1618 966 de

74 992 278 1046 potencia
315 992 498 1033 materie
535 992 630 1046 ejus
667 994 946 1047 producatur,
985 995 1097 1037 sicut
1133 1002 1398 1050 generantur
1435 995 1617 1036 effectus

74 1061 292 1103 naturales
309 1062 519 1116 completi
537 1079 546 1112 3
576 1063 814 1104 secundum
834 1065 954 1117 quod
970 1064 1158 1106 dicimus
1176 1066 1479 1115 communiter,
1497 1064 1617 1118 quod

74 1145 142 1172 res
156 1131 378 1172 naturales
396 1132 641 1172 educuntur
657 1132 712 1172 de
727 1133 930 1185 potencia
947 1134 1130 1175 materie
1144 1148 1221 1187 per
1234 1148 1382 1176 veram
1397 1140 1615 1176 transmu-

11 1215 54 1254 '15
73 1202 290 1243 tacionem
321 1201 484 1243 factam
514 1202 570 1242 ab
598 1208 768 1255 agente,
792 1202 968 1253 scilicet,
996 1217 1074 1257 per
1093 1218 1243 1245 veram
1267 1204 1616 1259 generacionem.

76 1271 158 1313 Set
190 1271 333 1325 primo
365 1272 499 1312 modo
533 1285 626 1312 esse
658 1285 745 1313 non
777 1278 924 1326 potest
961 1273 1063 1327 quia
1098 1274 1327 1327 impressio
1364 1273 1492 1329 sigilli
1530 1287 1616 1315 non

74 1347 139 1383 est
169 1341 211 1382 in
240 1341 460 1394 profundo
483 1355 591 1390 cere,
613 1347 679 1382 set
707 1341 751 1381 in
781 1341 1012 1396 superficie
1043 1349 1230 1394 tantum,
1253 1344 1480 1385 elevantur
1501 1344 1616 1384 enirn

74 1411 222 1466 partes
258 1412 448 1464 quedam
486 1410 714 1466 superficei
756 1417 801 1453 et
842 1412 925 1454 alie
966 1413 1286 1467 deprimuntur,
1322 1414 1383 1455 ita
1419 1414 1539 1468 quod
1575 1414 1618 1454 in

74 1481 303 1536 profundis
344 1483 594 1523 substancie
643 1481 779 1535 ipsius
828 1497 924 1525 cere
969 1484 1088 1525 nulla
1133 1483 1183 1526 fit
1230 1484 1456 1539 inpressio.
1537 1483 1617 1525 Set

15 1571 56 1593 20
73 1551 191 1593 accio
219 1549 224 1606 Ι
252 1551 463 1593 naturalis
511 1558 578 1593 est
624 1551 667 1592 in
716 1552 933 1605 profundo
988 1554 1213 1607 pacientis,
1261 1568 1364 1595 nam
1413 1554 1734 1595 videmus6a1.

73 1621 191 1675 quod
225 1620 362 1662 virtus
403 1620 508 1661 solis
552 1634 639 1662 non
681 1628 771 1663 stat
807 1622 850 1662 in
886 1623 1118 1677 superficie
1154 1624 1265 1666 aeris
1303 1624 1518 1678 superius,
1549 1631 1616 1665 set

72 1687 229 1729 transit
263 1687 357 1741 ejus
399 1687 665 1742 profundum
705 1702 843 1742 usque
879 1690 934 1731 ad
971 1697 1160 1741 terram3
1203 1697 1247 1732 et
1283 1690 1481 1732 similiter
1515 1703 1615 1731 eum

72 1757 207 1799 homo
256 1758 408 1798 sedeat
455 1758 512 1799 ad
561 1757 721 1812 ignem,
759 1759 895 1800 virtus
943 1760 1056 1815 ignis
1105 1773 1191 1801 non
1233 1759 1374 1801 solum
1416 1758 1619 1801 calefacit

73 1827 298 1869 hominem
350 1827 394 1868 in
445 1827 685 1881 superficie,
738 1835 805 1870 set
851 1829 984 1870 sentit
1034 1829 1243 1871 virtutem
1300 1828 1454 1871 caloris
1508 1829 1618 1870 infra

15 1915 53 1948 ²5
73 1895 364 1950 superficiem,
395 1896 576 1948 scilicet,
609 1896 653 1936 in
684 1897 935 1940 substancia
965 1899 1102 1952 ipsius
1130 1898 1339 1953 corporis,
1362 1904 1406 1939 et
1435 1898 1520 1940 hoc
1552 1904 1618 1939 est

73 1972 254 2008 certum.
310 1966 431 2020 Ergo
463 1972 640 2020 oportet
671 1967 789 2021 quod
822 1968 879 2009 sit
918 1968 1075 2010 ultimo
1110 1969 1257 2020 modo,
1287 1968 1464 2017 scilicet,
1495 1969 1619 2021 quod

74 2048 209 2089 agens
238 2035 452 2088 producat
484 2036 624 2090 ipsam
657 2037 849 2090 speciem
882 2037 938 2078 de
969 2038 1174 2092 potencia
1204 2037 1428 2091 pacientiS‚
1459 2043 1503 2078 et
1533 2037 1618 2078 hoc

75 2111 140 2146 est
192 2105 498 2156 necessarium,
548 2106 650 2159 quia
699 2106 827 2148 aliter
876 2107 1035 2161 speciei
1085 2107 1315 2160 generacio
1367 2120 1455 2148 non
1502 2114 1617 2148 esset

75 2174 299 2222 naturalis,
322 2175 466 2216 omnis
496 2175 611 2215 enim
639 2175 758 2216 accio
788 2182 944 2217 nature
973 2177 1119 2217 educit
1148 2176 1313 2230 aliquid
1336 2178 1391 2218 de
1413 2176 1618 2230 potencia

16 2267 57 2298 30
77 2244 271 2294 materie,
303 2245 419 2285 unde
457 2245 635 2297 quando
671 2245 923 2286 substancia
956 2246 1127 2299 agentis
1163 2247 1305 2299 tangit
1342 2247 1434 2287 sine
1472 2246 1617 2287 medio

76 2311 376 2355 substanciam
400 2314 629 2368 pacientis,
651 2314 725 2356 illa
753 2316 1016 2366 substancia,
1039 2316 1216 2366 scilicet,
1245 2317 1416 2371 agentis
1438 2330 1538 2357 cum
1562 2317 1618 2357 sit

75 2384 230 2433 activa,
261 2391 410 2437 potest
441 2390 734 2426 transmutare
765 2384 931 2438 aliquid
964 2384 1194 2426 minimum
1227 2386 1265 2426 ei
1298 2386 1618 2436 immediatum,

119 2482 138 2502 2
162 2472 269 2514 quod]
294 2472 384 2511 quod
411 2472 448 2502 fit
471 2472 504 2502 F
586 2482 606 2511 3
631 2471 685 2512 fit]
704 2472 742 2502 fit
759 2483 803 2502 ex
818 2472 884 2502 FD
961 2483 982 2514 4
1006 2472 1097 2514 cum]
1116 2483 1189 2504 cum
1209 2473 1346 2514 dignum
1363 2473 1399 2504 D
1477 2483 1496 2514 5
1520 2473 1617 2515 facit]

76 2523 176 2554 saciat
188 2524 252 2554 FD
307 2524 388 2565 hiis]
402 2524 435 2554 in
449 2524 514 2555 hiis
525 2524 560 2554 F
618 2524 748 2555 scilicet
760 2535 825 2556 om.
839 2524 904 2555 FD
959 2525 1122 2565 predictis
1133 2526 1242 2557 om.F
1333 2527 1355 2556 6
1378 2526 1499 2567 nihilo]
1513 2526 1571 2558 illo
1584 2526 1620 2557 D

75 2576 231 2617 altsnec]
250 2581 284 2607 et
299 2576 362 2606 FD
479 2587 500 2616 9
516 2575 623 2617 viam]
641 2577 776 2608 modum
788 2576 824 2606 D
941 2587 981 2607 10
1004 2577 1265 2619 sigillacionem]
1284 2578 1538 2610 similitudinem
1555 2578 1620 2609 FD

75 2627 146 2668 vel]
166 2633 200 2659 et
216 2628 251 2659 F
320 2638 356 2659 11
384 2627 568 2670 pacientis]
586 2629 745 2668 potencia
762 2629 795 2659 F
867 2640 906 2660 12
929 2629 1152 2670 generantur]
1170 2630 1381 2670 generaliter
1395 2631 1427 2662 F
1501 2632 1540 2662 18
1565 2631 1618 2672 in]

76 2680 165 2711 infra
181 2679 217 2710 D
298 2690 337 2721 19
353 2680 547 2722 profundis]
563 2680 767 2720 profundum
781 2681 815 2711 F
867 2681 992 2723 ipsius]
1009 2682 1108 2721 hujus
1121 2682 1156 2712 D
1236 2693 1278 2722 23
1303 2683 1437 2725 sedeat]
1448 2684 1546 2714 sedet
1556 2683 1620 2714 FD

77 2738 118 2771 ²5
144 2732 177 2762 in
195 2733 390 2764 substancia
409 2732 534 2773 ipsius]
551 2732 636 2763 infra
652 2733 882 2764 substanciam
899 2734 950 2764 sui
968 2733 1003 2763 D
1093 2735 1134 2765 26
1158 2734 1201 2765 sit
1217 2745 1282 2766 om.
1302 2735 1336 2765 F
1423 2746 1466 2776 29
1490 2735 1618 2777 omnis]

76 2784 125 2815 eis
142 2783 204 2814 FD
335 2795 375 2825 31
395 2785 526 2817 scilicet
541 2784 676 2825 agentis
687 2795 756 2816 om.
774 2785 808 2815 F
911 2795 953 2825 32
977 2791 1091 2826 potest
1107 2791 1337 2819 transmutare
1351 2798 1417 2821 om.
1432 2788 1478 2830 D,
1497 2788 1618 2820 alterat

76 2846 172 2877 sugg.
189 2836 223 2867 in
240 2847 347 2878 marg.

809 2903 885 2937 C2
