1934 3152
870 131 897 173 5

113 246 250 288 eciam
268 246 410 288 adhuc
432 246 623 298 quedam
643 245 895 294 necessaria,
910 259 995 299 que
1013 245 1261 286 communia
1277 251 1392 296 sunt,
1407 251 1651 287 tractantur

114 313 363 369 inperfecte.
439 315 559 356 Nam
601 328 700 356 cum
742 315 891 356 omnia
927 314 1141 356 naturalia
1175 314 1284 356 fiant
1319 328 1398 368 per
1434 327 1569 368 agens
1606 322 1649 356 et

112 385 355 434 materiam,
379 398 514 438 agens
531 385 646 425 enim
661 389 927 426 transmutat
945 384 1170 425 materiam
1187 391 1235 425 ut
1253 383 1432 425 inducat
1449 383 1651 436 formam,

111 467 267 508 parum
296 455 351 495 de
381 453 464 494 hiis
497 467 583 508 que
609 454 666 495 ad
699 454 928 495 materiam
956 453 1176 507 pertinent
1202 452 1413 495 certificat
1438 452 1650 494 naturalis

74 523 392 579 5philosophia
429 523 695 575 Aristotelis,
729 530 778 565 ut
818 524 989 579 patebit
1026 522 1215 566 inferius.
1278 523 1339 565 Et
1376 523 1521 564 minus
1554 523 1609 564 de
1641 521 1645 579 Ι

111 593 263 645 forma,
285 594 552 648 minimeque
573 593 629 635 de
651 600 822 648 agente,
840 607 938 635 cum
958 600 1106 634 tamen
1121 600 1215 635 tota
1233 592 1433 634 radicalis
1453 598 1650 647 potestas

111 658 375 705 naturalium
413 663 611 705 consistit
642 663 684 704 in
715 664 799 705 hiis
830 662 1105 717 explicandis
1136 676 1222 716 que
1252 663 1309 704 ad
1347 663 1574 704 materiam
1605 668 1650 704 et

110 733 297 775 formam
340 733 572 787 pertinent,
612 739 656 775 et
698 734 893 774 maxime
934 747 1020 786 que
1059 737 1301 774 noscuntur
1333 732 1551 787 pertinere
1592 733 1648 773 ad

109 803 309 853 efficiens,
332 810 380 845 ut
410 803 586 844 inferius
614 809 706 844 tam
731 803 774 843 in
803 802 1090 844 Naturalibus
1113 816 1246 856 quam
1268 802 1313 842 in
1343 801 1647 855 Metaphisicis

52 888 91 909 10
109 872 339 914 elucescet.
403 872 481 915 Set
510 873 591 914 hec
620 887 706 926 que
728 874 784 914 de
805 873 1018 914 efficiente
1040 879 1084 914 et
1111 872 1292 914 materia
1314 878 1359 913 et
1385 870 1526 914 forma
1546 877 1648 913 sunt

109 942 298 994 scienda,
311 949 414 983 sunt
429 943 680 984 communia
697 942 903 984 omnibus
920 941 1204 992 naturalibus,
1222 948 1265 982 et
1283 941 1384 982 ideo
1402 941 1444 981 in
1461 941 1648 982 sciencia

108 1014 332 1053 communi
355 1013 510 1054 ceteris
536 1012 735 1067 partibus
763 1013 972 1054 naturalis
998 1011 1274 1065 philosophie
1301 1009 1464 1052 debent
1485 1011 1649 1052 cercius

107 1082 319 1124 annotari.
383 1081 666 1136 Quapropter
696 1082 976 1124 manifestum
1013 1087 1080 1123 est
1111 1081 1231 1135 quod
1264 1094 1350 1122 una
1391 1079 1524 1122 debet
1555 1094 1650 1123 esse

107 1152 292 1193 sciencia
328 1152 538 1194 naturalis
580 1152 869 1207 philosophie,
900 1165 986 1205 que
1022 1151 1169 1192 omnia
1200 1156 1361 1192 tractet
1396 1150 1649 1192 communia

51 1235 87 1268 15
108 1221 389 1274 naturalibus,
422 1228 465 1263 et
496 1222 578 1263 hec
609 1223 691 1263 erit
723 1223 864 1276 prima
893 1221 1006 1263 inter
1035 1221 1242 1262 sciencias
1275 1220 1505 1262 naturaleS.
1568 1219 1647 1262 Set

106 1290 190 1333 alie
225 1291 408 1333 sciencie
449 1292 668 1334 naturales
704 1298 830 1333 erunt
872 1304 1044 1345 magne,
1079 1303 1264 1345 quarum
1303 1289 1441 1331 multe
1481 1289 1647 1332 habent

103 1360 252 1416 plures
292 1361 375 1403 sub
406 1375 452 1403 se
493 1362 716 1413 sciencias,
749 1361 859 1404 sicut
901 1362 944 1402 in
982 1360 1308 1415 Methaphisica
1343 1360 1526 1413 planum
1563 1367 1645 1402 est.

106 1432 226 1472 Nam
252 1431 412 1473 nobilis
443 1446 544 1486 pars
578 1432 916 1486 Methaphisice,
948 1445 1049 1473 cum
1081 1432 1137 1473 sit
1163 1430 1410 1473 communis
1441 1430 1646 1472 omnibus

107 1501 316 1553 scienciis,
349 1508 415 1544 est
443 1502 500 1543 de
531 1502 699 1557 origine
730 1509 774 1544 et
806 1502 1095 1545 distinccione
1128 1507 1173 1543 et
1201 1515 1384 1542 numero
1419 1506 1464 1542 et
1492 1501 1646 1542 ordine

46 1587 88 1609 20
104 1568 389 1610 scienciarum
406 1570 604 1610 omnium
626 1570 862 1612 ostendens
883 1569 1059 1624 propria
1073 1568 1250 1610 cuilibet
1266 1574 1311 1610 et
1328 1568 1644 1610 demonstrans.

165 1638 396 1681 Declaravi
439 1640 571 1694 igitur
613 1640 656 1680 in
697 1639 770 1681 illa
815 1646 940 1693 parte
983 1638 1303 1681 Methamatice
1338 1637 1457 1691 quod
1500 1642 1646 1690 preter

104 1708 334 1750 scienciam
357 1722 636 1751 communem
655 1710 925 1751 naturalibus
946 1715 1048 1751 sunt
1070 1715 1239 1763 septem
1257 1706 1494 1761 speciales:
1525 1706 1646 1748 vide-

105 1777 218 1829 licet,
237 1778 516 1833 Perspectiva
534 1796 542 1822 :
572 1780 875 1830 Astronomia‚
892 1779 1122 1835 judiciaria
1142 1785 1185 1820 et
1207 1777 1460 1832 operativa:
1495 1775 1643 1819 Scien-

94 1847 172 1889 ‘cia
197 1848 441 1901 ponderum
469 1850 525 1891 de
551 1850 755 1904 gravibus
780 1856 825 1891 et
850 1850 1043 1892 levibus:
1075 1848 1300 1890 Alkimia:
1333 1846 1643 1901 Agricultura:

45 1937 85 1969 25
105 1916 354 1960 Medicina:
395 1919 596 1961 Sciencia
630 1920 1018 1975 Experimentalis.
1080 1919 1198 1960 Nam
1231 1930 1330 1958 cum
1365 1917 1644 1969 Perspectiva

104 1986 159 2027 sit
190 1988 246 2029 de
275 1988 382 2039 visu,
404 2002 491 2042 que
522 2003 589 2031 res
622 1989 831 2031 naturalis
861 1996 942 2038 est,
974 1995 1151 2044 oportet
1185 1993 1232 2029 ut
1263 1987 1344 2028 hec
1376 1987 1432 2028 sit
1458 1986 1643 2028 sciencia

105 2056 324 2108 naturalis,
346 2065 390 2099 et
422 2059 631 2111 quoniam
661 2060 780 2101 visus
811 2060 1003 2101 ostendit
1035 2058 1163 2100 nobis
1195 2070 1338 2098 rerum
1369 2056 1643 2099 differencias

105 2127 346 2168 secundum
378 2128 668 2171 Aristotelem
702 2131 844 2184 primo
880 2128 1166 2184 Metaplzz'sz'ce
1196 2134 1241 2170 et
1276 2127 1389 2169 libro
1418 2126 1487 2168 De
1516 2140 1642 2168 sensu

104 2203 148 2237 et
176 2205 360 2248 sensato,
397 2206 440 2239 et
476 2200 636 2241 scimus
671 2200 756 2242 hoc
795 2214 873 2255 per
913 2199 1238 2254 experienciam
1272 2197 1482 2250 quoniam
1513 2210 1641 2238 cecus

44 2282 86 2315 30
104 2266 236 2308 nichil
278 2267 461 2322 dignum
506 2269 615 2311 scire
654 2276 804 2324 potest
845 2270 901 2311 de
941 2269 1026 2310 hoc
1067 2268 1259 2318 mundo;
1304 2272 1478 2321 oportet
1520 2266 1640 2320 quod

105 2336 384 2391 Perspectiva
405 2338 461 2380 sit
478 2339 621 2393 prima
636 2338 836 2393 specialis
852 2339 1037 2381 sciencia
1053 2338 1164 2379 inter
1180 2337 1389 2379 sciencias
1410 2336 1641 2378 naturales.

104 2405 278 2448 Deinde
309 2420 387 2461 per
417 2407 616 2449 ordinem
648 2415 860 2463 sequntur
895 2409 979 2449 alie
1018 2407 1259 2450 secundum
1296 2407 1452 2448 seriem
1494 2418 1640 2447 rerum

147 2522 190 2552 28
213 2524 335 2559 primo
356 2523 622 2565 Metaphisioe]
644 2523 678 2554 in
700 2533 830 2563 proem.
849 2522 907 2555 lib.
930 2532 943 2553 1
962 2524 969 2538 ‘
984 2521 1175 2560 multasque
1192 2519 1401 2551 differentias
1421 2520 1638 2553 manifestat.’

104 2574 214 2614 28-29
252 2577 307 2606 De
339 2585 455 2607 sensu
486 2580 525 2607 et
555 2576 722 2618 sensato]
754 2576 797 2607 de
827 2585 932 2607 sensu
964 2580 997 2606 et
1028 2574 1222 2613 sensilibus,
1256 2582 1284 2605 e.
1317 2582 1330 2603 1
1368 2572 1519 2605 ‘multas
1549 2574 1640 2605 enim

103 2626 315 2658 differentias
331 2632 365 2659 et
380 2627 592 2659 omnimodas
608 2628 700 2659 visus
718 2628 895 2659 annuntiat
912 2627 1089 2668 potentia.⁷

151 2732 165 2753 1
192 2722 299 2753 eciam
317 2733 383 2754 om.
402 2723 437 2753 D
538 2733 557 2753 2
583 2723 668 2754 Nam
685 2732 751 2754 om.
769 2722 805 2754 D
900 2732 920 2762 3
945 2722 1035 2753 enim
1053 2734 1120 2755 om.
1140 2723 1173 2754 F
1256 2722 1410 2765 inducat]
1427 2723 1592 2763 perducat
1608 2721 1642 2752 D

105 2784 170 2814 5-9
193 2774 237 2805 Et
253 2775 366 2806 minus
384 2800 391 2807 .
410 2799 418 2806 .
437 2799 444 2807 .
464 2780 501 2806 ut
514 2774 655 2806 inferius
665 2786 731 2806 om.
745 2774 780 2805 D
880 2784 919 2806 10
935 2775 1106 2807 elucescet
1118 2786 1184 2807 om.
1197 2775 1231 2806 D
1330 2776 1370 2806 16
1386 2774 1502 2816 erunt]
1517 2775 1642 2807 suntD

107 2836 144 2866 17
164 2826 296 2868 plures]
309 2827 426 2867 plures
437 2827 536 2859 simul
549 2827 584 2858 D
650 2827 717 2869 est]
732 2827 796 2859 erit
809 2827 843 2858 F
947 2829 990 2859 26
1007 2828 1058 2870 ut]
1072 2829 1163 2868 quod
1175 2828 1241 2859 FD
1338 2838 1381 2868 29
1397 2827 1478 2870 hoc]
1495 2828 1559 2859 hec
1576 2827 1641 2859 FD

1671 607 1772 631 2211.
