1934 3152
790 118 869 163 117

63 227 272 269 motubus
294 225 487 268 celorum
511 224 668 278 longus
690 230 733 265 et
762 223 917 278 plenus
947 235 1092 264 sermo
1122 221 1198 263 fiet
1229 221 1272 262 in
1306 219 1441 262 tercio
1473 219 1597 269 libro,

62 305 107 339 et
137 297 197 338 ibi
227 294 519 337 verificabitur
550 294 669 348 quod
702 299 889 346 oportet.
951 293 1011 333 Et
1042 292 1198 333 eadem
1231 295 1387 331 natura
1418 302 1502 342 que
1534 294 1599 329 est

62 365 325 422 principium
349 369 496 404 motus
517 370 583 405 est
610 362 870 417 principium
894 362 1068 416 quietis,
1091 367 1139 402 ut
1165 360 1388 414 appetitus
1417 357 1600 398 materie

62 450 148 490 que
194 441 365 477 motum
412 433 594 487 appetit,
640 432 811 487 appetit
848 431 956 472 illud
997 436 1178 485 propter
1213 428 1407 482 quietern
1442 427 1484 467 in
1522 439 1602 466 suo

26 505 406 560 5complemento‚
439 509 484 544 et
521 501 721 542 similiter
755 501 901 541 anima
936 514 1021 553 que
1057 499 1161 541 facit
1202 504 1372 539 motum
1407 495 1602 536 aumenti

62 575 270 634 terminat
282 574 427 628 ipsum
443 577 624 626 propter
637 571 832 624 quietem
847 571 889 610 in
906 569 1152 623 quantitate
1167 567 1327 618 debita,
1337 565 1602 607 elementum

64 644 295 686 dominans
327 642 488 684 faciens
522 640 865 682 diminucionem
904 645 1085 693 propter
1115 637 1369 678 continuam
1401 633 1603 688 deperdi-

64 715 247 765 cionem‚
284 712 470 754 intendit
505 710 700 764 quietem
739 709 864 750 istius
902 715 1061 760 motus,
1096 706 1271 753 scilicet,
1308 705 1372 745 sui
1411 702 1603 757 comple-

65 791 264 826 mentum
298 783 341 824 in
377 788 490 830 actu,
524 786 573 822 ut
603 779 750 821 vincat
783 791 913 832 super
946 777 1032 818 alia
1065 776 1281 818 elementa
1318 775 1361 815 in
1396 773 1605 822 animato,

9 875 47 898 10
64 861 108 895 et
149 854 346 908 quiescat
392 852 435 892 in
483 863 563 892 suo
603 848 945 901 complemento.
1026 845 1181 887 Celum
1221 849 1369 885 autem
1410 842 1604 896 quietem

67 923 267 973 intendit,
303 920 482 972 scilicet,
518 919 563 960 in
599 931 679 960 suo
710 917 809 959 loco
840 916 1080 958 secundum
1113 929 1159 956 se
1195 920 1350 964 toturn,
1381 913 1484 965 quia
1518 923 1604 951 non

66 999 210 1035 mutat
241 992 387 1034 locum
422 989 503 1031 nisi
533 987 775 1030 secundum
806 986 872 1028 sui
905 992 1062 1040 partes,
1124 984 1184 1026 Et
1206 984 1297 1038 jam
1321 996 1379 1023 ex
1401 980 1604 1022 omnibus

67 1063 196 1105 dictis
222 1067 346 1117 patet
367 1059 486 1114 quod
515 1059 551 1099 si
580 1058 908 1099 consideremus
937 1062 1151 1105 naturam,
1171 1058 1349 1108 oportet
1371 1051 1491 1105 quod
1519 1063 1606 1090 non

68 1132 226 1174 eodem
249 1132 384 1173 modo
414 1129 472 1170 sit
501 1127 765 1182 principium
795 1131 943 1167 motus
971 1131 1014 1166 et
1043 1124 1202 1177 quietis
1231 1123 1275 1162 in
1303 1120 1519 1170 omnibus,
1540 1125 1607 1159 set

10 1223 48 1255 15
68 1203 311 1244 secundum
341 1200 507 1242 dictam
534 1196 862 1246 diversitatem;
896 1200 940 1235 et
968 1199 1092 1247 patet
1120 1192 1240 1246 quod
1270 1191 1314 1231 in
1342 1188 1606 1244 quibusdam

69 1271 344 1313 naturalibus
374 1275 441 1310 est
472 1267 732 1323 principium
756 1264 883 1305 unius
907 1269 1064 1313 motus,
1086 1269 1135 1303 ut
1156 1262 1199 1302 in
1225 1259 1467 1307 celestibus,
1493 1266 1537 1299 et
1565 1258 1607 1297 in

69 1342 336 1397 quibusdam
373 1338 579 1393 plurium,
621 1342 670 1377 ut
711 1335 753 1376 in
793 1333 1022 1375 elementis
1064 1338 1109 1374 et
1150 1330 1304 1372 mixtis
1347 1327 1608 1377 inanimatis,

70 1425 173 1454 nam
210 1411 254 1452 in
290 1410 373 1451 hiis
410 1414 478 1450 est
512 1406 776 1463 principium
813 1402 1111 1457 generacionis
1152 1407 1197 1442 et
1237 1398 1530 1452 corrupcionis
1565 1404 1608 1437 et

69 1480 347 1524 alteracionis
367 1485 412 1521 et
437 1477 443 1532 Ι
471 1477 556 1518 loci
586 1473 860 1523 mutacionis‚
889 1473 931 1513 in
961 1472 1123 1526 plantis
1147 1484 1249 1512 vero
1278 1476 1323 1511 et
1346 1467 1609 1510 animalibus
1627 1484 1667 1515 32
1685 1475 1705 1506 b
1728 1484 1741 1504 2

12 1571 52 1593 20
71 1558 138 1594 est
178 1549 440 1605 principium
483 1546 627 1588 omnis
673 1550 831 1594 motus,
872 1542 977 1596 quia
1017 1547 1164 1595 preter
1204 1539 1423 1593 predictos
1464 1542 1610 1577 motus

70 1621 206 1664 habet
231 1625 490 1662 aumentum
522 1623 567 1657 et
597 1613 956 1662 diminucionem,
985 1617 1030 1652 et
1061 1611 1161 1652 ideo
1192 1607 1434 1650 secundum
1462 1605 1608 1646 multi-

71 1691 315 1746 plicitatem
347 1694 501 1729 nature
533 1691 577 1727 et
608 1682 809 1738 principii
846 1688 992 1723 motus
1029 1685 1131 1720 sunt
1160 1678 1352 1719 maxime
1385 1675 1610 1722 naturalia,

71 1774 226 1802 omnes
247 1758 365 1800 enirn
387 1763 535 1799 motus
557 1760 659 1796 sunt
681 1753 725 1794 in
747 1751 821 1794 eis.

131 1900 378 1957 Capitulum
397 1905 464 1955 3¹¹².
526 1897 578 1938 de
599 1903 765 1938 natura
785 1891 1037 1948 explicanda
1056 1889 1287 1933 secundum
1308 1887 1612 1943 dzjffinicz'onem

14 1987 52 2018 25
71 1974 225 2016 Boecz'z'.

132 2077 319 2119 Boecius
337 2074 517 2129 quidem
540 2072 583 2112 in
606 2069 716 2110 libro
739 2066 806 2108 De
820 2065 987 2107 duabus
1008 2063 1183 2105 naturis
1205 2061 1357 2103 recitat
1378 2059 1610 2102 diffinicio-

74 2162 175 2190 nem
204 2143 461 2188 Aristotelis
483 2148 527 2183 et
548 2140 763 2193 quasdam
793 2136 902 2178 alias
930 2134 1145 2190 premittit
1166 2133 1222 2173 de
1242 2130 1400 2186 quibus
1432 2142 1518 2170 non
1545 2137 1612 2171 est

75 2217 315 2261 curandum
338 2214 395 2256 ad
419 2224 610 2266 presens.
679 2208 750 2248 De
781 2205 938 2246 ultima
966 2211 1114 2245 tamen
1144 2201 1375 2243 dicendum
1405 2207 1486 2251 est,
1512 2212 1612 2240 cum

74 2289 194 2330 dicat
224 2284 343 2340 quod
375 2289 533 2324 natura
568 2284 634 2320 est
669 2275 903 2330 cujuslibet
936 2273 995 2314 rei
1030 2285 1163 2326 quam
1200 2271 1404 2312 informat
1438 2269 1614 2323 propria

16 2371 57 2402 30
75 2355 329 2400 differencia
365 2350 580 2407 specifica,
613 2347 854 2389 secundum
892 2343 1011 2398 quod
1048 2342 1235 2383 dicimus
1270 2339 1388 2392 quod
1426 2338 1512 2380 alia
1549 2345 1615 2378 est

75 2435 243 2470 natura
264 2424 369 2476 auri,
400 2422 487 2463 alia
518 2418 699 2472 argenti,
730 2421 773 2456 et
805 2415 866 2456 sic
898 2414 953 2454 de
985 2412 1190 2454 omnibus
1221 2410 1374 2458 rebus3
1411 2407 1526 2449 unde
1557 2407 1616 2448 sic

120 2531 164 2561 26
185 2526 364 2567 Boecius]
389 2525 441 2556 De
458 2529 601 2565 persona
624 2524 654 2551 et
676 2518 811 2550 duabus
833 2515 977 2555 naturis,
998 2524 1025 2545 c.
1054 2524 1067 2544 1
1093 2513 1129 2544 in
1144 2513 1227 2553 fine,
1259 2512 1401 2542 ‘natura
1424 2514 1477 2541 est
1501 2520 1617 2540 unam—

77 2592 246 2623 quamque
263 2590 334 2611 rem
351 2578 538 2609 informans
555 2573 715 2614 specifica
732 2567 944 2602 differentia?

126 2683 140 2703 1
166 2672 288 2711 longus
305 2674 339 2700 et
356 2665 496 2708 plenus]
515 2662 649 2702 longius
666 2665 701 2691 et
717 2658 853 2699 plenius
870 2656 904 2688 D
992 2656 1014 2686 6
1038 2652 1262 2694 elementum]
1280 2657 1314 2683 et
1330 2651 1537 2683 elementum
1553 2648 1618 2680 FD

78 2725 99 2756 8
116 2723 229 2764 istius]
244 2722 351 2763 ipsius
364 2720 399 2750 D
488 2728 510 2758 9
525 2714 619 2756 actu]
633 2718 745 2745 actum
756 2711 791 2742 D
884 2719 922 2740 12
939 2705 1064 2747 locum]
1076 2717 1141 2738 om.
1155 2705 1191 2736 D
1268 2704 1335 2746 sui]
1346 2714 1426 2735 suas
1438 2703 1491 2735 D:
1509 2713 1573 2733 om.
1590 2703 1623 2733 F

82 2779 122 2808 16
145 2781 178 2807 et
196 2774 247 2816 in]
264 2775 298 2805 in
314 2773 383 2804 DF
479 2781 516 2809 17
542 2764 750 2806 inanimatis]
767 2768 801 2795 et
817 2762 975 2794 animatis
992 2761 1033 2792 M
1122 2770 1161 2800 19
1185 2769 1266 2791 vero
1282 2768 1349 2788 om.
1369 2756 1402 2787 F
1495 2766 1537 2793 24
1561 2765 1620 2786 ex·

79 2828 237 2871 plicanda
252 2837 316 2859 om.
336 2825 401 2857 FD
491 2817 746 2860 diffinicionem]
763 2814 1040 2857 acceptacionem
1058 2812 1123 2844 FD
1256 2812 1299 2842 26
1323 2811 1357 2841 in
1374 2819 1440 2842 om.
1458 2807 1524 2839 FD
