1934 3152
143 927 266 952 11a1.

86 2048 123 2081 F.
143 2048 267 2081 83a2.

1033 99 1090 138 40

283 209 392 251 radii
421 208 610 250 extremi
642 208 904 260 contingunt
938 218 1124 258 corpora
1159 203 1244 253 illa,
1284 210 1328 245 et
1366 204 1466 245 ideo
1497 209 1727 245 transeunt
1759 215 1838 256 per

283 278 496 321 terminos
529 277 764 337 dyametri,
785 283 827 318 et
857 289 948 317 non
982 275 1162 329 attingit
1188 274 1347 328 aliquis
1380 275 1528 316 radius
1558 274 1614 315 ad
1643 272 1837 327 aliquam

284 355 455 404 partem
498 348 676 391 alterius
715 346 978 389 medietatis,
1059 344 1137 387 Set
1181 359 1341 400 corpus
1376 345 1519 386 minus
1562 344 1717 399 recipit
1753 343 1838 385 vir-

283 427 428 463 tutem
452 418 630 474 majoris
654 419 697 460 in
732 417 888 471 majori
911 431 990 458 sua
1016 416 1234 471 porcione,
1259 421 1442 470 propter
1463 415 1547 457 hoc
1577 416 1696 468 quod
1729 413 1838 456 radii

286 490 474 533 extremi
516 489 711 544 corporis
750 488 928 542 majoris
965 500 1054 528 non
1092 486 1364 540 equidistant
1406 498 1593 540 semper,
1629 491 1694 527 set
1735 497 1838 526 con·
1859 501 1877 533 5

286 567 476 612 currunt,
509 567 553 602 et
589 565 775 614 possunt
812 558 1022 612 amplecti
1054 557 1153 612 plus
1186 556 1426 598 medietate
1460 556 1655 597 minoris.
1717 555 1837 596 Nam

286 633 518 686 dyameter
569 628 764 685 corporis
815 628 998 683 majoris
1046 633 1113 670 est
1160 627 1300 681 major
1351 627 1589 680 dyametro
1642 625 1839 679 corporis

287 702 476 755 minoris,
508 708 552 743 et
584 701 684 742 ideo
716 705 904 755 possunt
937 697 1047 740 radii
1079 704 1294 740 exeuntes
1326 712 1351 738 a
1383 697 1583 738 terminis
1615 695 1839 755 dyametri

286 773 479 828 corporis
502 771 682 825 majoris
704 770 892 813 transire
913 769 1029 811 ultra
1050 769 1334 823 dyametrum
1357 768 1551 822 corporis
1574 766 1769 818 minoris,
1791 773 1839 807 ut

288 843 501 897 majorem
543 842 638 897 ejus
685 841 938 897 porcionem
975 839 1356 894 comprehendat3
1411 845 1454 880 et
1497 852 1520 880 e
1567 840 1794 886 converso,
1834 836 1902 891 {10

287 914 481 969 corporis
504 913 682 968 majoris
700 912 843 953 minor
857 911 1008 967 porcio
1026 910 1181 964 recipit
1197 910 1406 951 virtutem
1421 923 1446 950 a
1466 908 1623 950 minori
1640 920 1840 962 corpore,

285 985 387 1040 quia
439 985 673 1038 dyameter
730 982 910 1024 minoris
962 981 1160 1036 corporis
1219 993 1307 1021 non
1363 987 1550 1034 equatur
1605 979 1839 1032 dyametro

1042 1051 1234 1106 majoris,
1257 1057 1324 1092 set
1350 1050 1479 1092 alicui
1503 1050 1637 1092 corde
1659 1048 1840 1090 minoris

1040 1121 1261 1176 porcionis
1288 1121 1486 1175 corporis
1518 1118 1714 1173 maioris.
1779 1118 1839 1160 Et

1040 1192 1185 1233 nullus
1228 1197 1416 1246 punctus
1453 1190 1609 1245 sperici
1646 1188 1840 1243 corporis
1861 1199 1900 1232 15

1040 1268 1189 1317 potest
1218 1262 1359 1304 facere
1387 1262 1597 1303 virtutem
1623 1274 1649 1301 a
1675 1273 1734 1309 se,
1758 1259 1839 1300 nisi

1039 1335 1096 1376 ad
1134 1333 1330 1388 spacium
1371 1332 1491 1387 quod
1524 1335 1752 1386 seperatur
1784 1329 1840 1372 ab

1040 1418 1092 1445 eo
1116 1417 1192 1458 per
1210 1403 1370 1445 lineam
1389 1416 1475 1456 que
1491 1400 1709 1455 contingit
1730 1399 1837 1441 illud

1040 1487 1198 1527 corpus
1232 1474 1275 1514 in
1307 1479 1473 1528 puncto
1505 1470 1580 1513 illo
1611 1485 1637 1513 a
1669 1484 1757 1525 quo
1789 1469 1838 1510 fit

297 1570 316 1596 e
1039 1544 1205 1593 virtus3
1250 1543 1460 1598 quoniam
1503 1543 1560 1584 ab
1604 1555 1631 1582 a
1672 1546 1839 1595 puncto
1860 1556 1902 1579 20

345 1653 360 1696 Z
1040 1628 1128 1656 non
1166 1620 1314 1668 potest
1351 1613 1498 1667 aliqua
1536 1611 1648 1653 linea
1682 1610 1839 1653 cadere

329 1669 347 1695 c
643 1713 666 1755 b
918 1668 938 1694 ⁰
1042 1686 1155 1726 inter
1206 1684 1369 1725 lineam
1417 1682 1746 1736 contingentem
1795 1686 1839 1722 et

1040 1769 1197 1809 corpus
1228 1754 1460 1808 spericum,
1482 1759 1530 1794 ut
1562 1752 1839 1794 demonstra-

1042 1832 1113 1867 tur
1144 1825 1187 1866 in
1229 1831 1300 1877 15⁸
1335 1823 1460 1865 tercii
1500 1822 1597 1863 libri
1633 1821 1838 1862 Elemen—

290 1901 432 1937 torum
486 1895 695 1937 Euclidis.
784 1897 844 1938 Et
897 1896 997 1938 ideo
1051 1895 1261 1950 spacium,
1302 1894 1423 1948 quod
1467 1900 1533 1935 est
1577 1892 1620 1933 in
1667 1891 1839 1945 angulis
1861 1906 1900 1938 25

287 1966 604 2021 contingencie,
644 1972 689 2009 et
730 1967 790 2008 sic
827 1981 907 2021 per
948 1973 1092 2008 totum
1136 1971 1253 2007 retro
1298 1964 1460 2006 lineam
1493 1962 1839 2015 'contingentem

286 2050 437 2078 versus
470 2050 639 2092 corpuS,
663 2050 752 2079 non
785 2037 939 2091 recipit
966 2036 1176 2078 virtutem
1206 2034 1295 2091 [ab
1331 2049 1358 2075 a
1382 2040 1563 2089 puncto,
1585 2033 1662 2075 sed
1691 2038 1839 2073 totum

292 2108 492 2162 spacium
516 2108 630 2150 ultra
653 2107 813 2149 lineam
835 2107 1141 2162 contingencie
1162 2106 1205 2147 in
1228 2119 1317 2160 quo
1340 2112 1441 2147 sunt
1465 2110 1627 2160 puncta
1650 2103 1686 2153 b,
1701 2116 1733 2154 c,
1749 2102 1790 2151 d,
1805 2116 1840 2143 e.

290 2177 472 2232 recipiet
513 2177 735 2220 virtutem.
799 2178 859 2220 Et
901 2191 1054 2220 omnes
1092 2177 1199 2218 radii
1241 2176 1317 2230 qui
1352 2182 1518 2217 exeunt
1551 2187 1576 2215 a
1610 2171 1840 2228 superficie

291 2248 487 2302 corporis
520 2247 689 2303 sperici,
724 2262 911 2302 quorum
949 2247 1138 2289 direccio
1175 2247 1294 2289 cadit
1329 2245 1372 2286 in
1407 2251 1606 2287 centrum
1628 2241 1839 2299 *corporis
1859 2255 1901 2287 30

291 2317 417 2368 illius,
439 2324 543 2359 sunt
565 2317 952 2372 perpendiculares
975 2331 1108 2373 super
1130 2317 1273 2370 ipsum
1305 2322 1347 2357 et
1376 2316 1489 2356 tales
1511 2314 1621 2356 radii
1644 2313 1839 2365 undique

288 2394 454 2429 exeunt
478 2388 647 2432 infiniti,
673 2394 721 2429 ut
743 2394 868 2442 patet
891 2389 933 2428 in
956 2386 1107 2442 figura.
1159 2387 1218 2427 Et
1242 2393 1390 2427 tamen
1413 2386 1470 2426 ab
1493 2384 1650 2425 eodem
1674 2388 1838 2436 puncto

290 2457 534 2512 superficiei
581 2458 787 2512 corporis,
820 2472 846 2499 a
883 2471 972 2511 quo
1010 2457 1060 2499 fit
1102 2456 1246 2498 radius
1288 2452 1660 2510 perpendicularis
1707 2465 1839 2505 super

289 2527 407 2568 idem
431 2540 604 2581 corpus,
628 2527 738 2568 fiunt
763 2526 873 2568 radii
899 2525 1068 2579 infiniti,
1092 2533 1139 2567 ut
1166 2532 1290 2579 patet
1320 2526 1377 2566 ad
1408 2538 1435 2564 a
1463 2528 1691 2578 punctum,
1711 2528 1755 2562 et
1777 2520 1838 2562 sic

289 2596 344 2636 de
377 2596 611 2646 omnibus;
654 2603 722 2638 set
755 2609 865 2636 unus
902 2596 1035 2645 solus,
1068 2595 1235 2636 scilicet
1271 2594 1338 2643 ab,
1374 2593 1520 2634 radius
1551 2597 1615 2632 est
1653 2603 1835 2645 perpen-
1859 2604 1899 2636 35

561 1783 641 1814 F1c.
667 1792 697 1824 9.

330 2718 349 2738 2
373 2708 514 2751 aliquis]
530 2708 654 2749 aliquid
670 2708 705 2740 F
851 2709 919 2740 6-ss
942 2709 1027 2740 Nam
1045 2732 1053 2740 .
1074 2732 1082 2740 .
1103 2733 1109 2740 .
1128 2708 1266 2739 minoris
1283 2717 1350 2738 om.
1368 2705 1410 2736 M
1572 2715 1611 2736 10
1635 2705 1708 2745 ejus
1725 2714 1791 2736 om.
1810 2704 1843 2736 F

288 2770 329 2798 24
354 2759 405 2801 in]
424 2761 457 2792 in
474 2760 771 2792 demonstracione
788 2760 823 2791 D
957 2771 998 2801 27
1024 2760 1162 2801 recipit]
1180 2760 1322 2799 recipiet
1337 2758 1402 2790 FD
1520 2768 1559 2798 3¹
1587 2757 1671 2788 radii
1689 2767 1754 2789 om.
1772 2756 1838 2787 FD

287 2823 330 2853 35
356 2813 488 2844 scilicet
505 2838 512 2845 .
531 2838 538 2845 .
557 2837 563 2845 .
582 2813 675 2845 solus
691 2824 757 2844 om.
776 2813 811 2844 D
899 2812 958 2854 ab]
977 2812 1023 2844 ad
1036 2812 1120 2844 Mss.
