1934 3152
815 110 896 155 1¹9

88 211 147 255 rei
188 218 257 255 set
296 212 498 255 accidens
544 212 648 267 ejus,
691 219 734 255 et
776 221 841 256 est
884 214 927 256 in
969 214 1161 256 secunda
1202 214 1347 268 specie
1387 214 1624 268 qualitatis,

87 282 266 333 scilicet,
307 283 517 324 naturalis
558 284 775 337 potencia,
817 298 904 338 que
943 285 1104 327 accidit
1144 283 1337 325 essencie
1387 284 1536 337 agenti
1578 293 1622 326 et

85 352 287 406 potencie
323 351 466 405 primo
506 353 654 403 modo,
690 359 734 394 et
775 354 911 395 tercio
949 354 1083 396 modo
1123 359 1190 395 est
1226 352 1430 408 potencia
1466 353 1621 403 anime,

85 434 173 474 que
214 428 280 463 est
321 435 426 462 vera
465 435 568 475 pars
609 421 703 474 ejus
745 422 968 476 integralis
1012 429 1055 464 et
1097 428 1340 476 neutroque
1389 422 1621 463 modorum

47 490 316 543 5dictorum‚
355 490 467 532 sicut
504 490 546 531 in
588 491 744 545 quinto
785 491 896 533 libro
934 491 1192 543 stabilietur,
1227 505 1305 546 per
1340 491 1460 545 quod
1497 490 1623 532 multi

84 573 250 601 errores
272 559 579 602 excluduntur.

143 629 226 670 Per
260 629 355 683 jam
397 629 516 671 dicta
562 636 717 684 patent
765 630 904 672 multa
944 630 986 671 in
1027 629 1233 685 capitulis
1275 629 1621 684 precedentibus,

83 698 202 739 Nam
232 698 344 740 sicut
374 712 528 740 omnes
555 700 842 753 operaciones
870 700 1015 741 anime
1040 707 1084 741 et
1112 699 1505 754 intelligenciarum
1535 712 1622 752 que

84 767 194 809 fiunt
230 767 288 809 ab
325 768 530 810 essenciis
571 782 720 810 earum
757 769 958 810 dicuntur
993 769 1224 820 naturales,
1266 775 1314 810 ut
1349 775 1518 810 tactum
1555 773 1622 808 est

24 858 64 881 10
85 837 213 891 prius,
251 838 459 879 dicuntur
495 838 611 879 enim
647 853 674 880 a
710 846 866 880 natura
905 852 991 892 que
1027 845 1094 879 est
1131 852 1281 880 earum
1319 838 1524 888 essencia‚
1559 837 1621 877 sic

82 906 287 960 operacio
324 920 411 961 que
447 907 490 948 in
531 906 590 948 eis
627 915 692 949 est
728 922 755 948 a
789 907 1017 950 voluntate
1052 921 1130 961 per
1167 907 1533 949 deliberacionem
1574 913 1619 947 et

83 976 350 1018 eleccionem
373 983 438 1018 est
459 990 485 1018 a
507 983 676 1030 natura,
705 983 749 1018 et
777 977 862 1019 hoc
892 978 1025 1019 modo
1047 977 1167 1019 accio
1190 977 1301 1031 ignis
1329 982 1396 1017 est
1417 990 1443 1016 a
1463 982 1620 1017 natura

82 1059 169 1099 que
190 1052 256 1087 est
278 1045 370 1100 ejus
393 1047 597 1098 essencia,
620 1052 664 1087 et
689 1048 807 1100 quod
838 1046 948 1101 ignis
975 1052 1155 1100 generat
1182 1047 1329 1101 ignem
1359 1046 1400 1086 in
1424 1045 1619 1095 materia,

81 1114 165 1157 hoc
202 1115 403 1157 naturale
436 1121 502 1157 est
524 1130 550 1157 a
582 1122 739 1158 natura
771 1130 856 1170 que
897 1122 962 1157 est
1004 1114 1097 1169 ejus
1138 1115 1345 1165 essencia‚
1383 1121 1427 1155 et
1462 1115 1523 1155 sic
1564 1115 1621 1155 de

24 1184 315 1238 15omnibus;
367 1191 412 1226 et
453 1191 520 1227 est
555 1185 815 1239 principium
857 1185 898 1225 in
935 1191 1139 1226 movente
1180 1190 1225 1225 et
1268 1197 1356 1225 non
1399 1183 1442 1224 in
1484 1190 1620 1224 moto.

82 1254 237 1295 Eciam
269 1254 332 1296 sic
368 1261 434 1296 est
465 1255 508 1295 in
544 1255 701 1296 divinis
736 1255 1001 1303 accionibus,
1034 1261 1082 1295 ut
1114 1254 1156 1294 in
1189 1253 1476 1307 generacione
1509 1252 1621 1302 Filii,

82 1336 168 1377 que
209 1329 275 1365 est
316 1337 394 1378 per
430 1324 547 1365 viam
590 1330 634 1365 et
676 1324 859 1365 modum
902 1330 1069 1374 nature,
1110 1328 1176 1364 set
1217 1322 1300 1363 hoc
1342 1329 1409 1363 est
1442 1321 1619 1363 alterius

81 1392 464 1434 consideracionis.
528 1392 590 1435 Et
631 1406 711 1448 per
752 1392 866 1434 hanc
906 1393 1024 1433 viam
1062 1397 1185 1446 patet
1222 1391 1428 1433 notabilis
1464 1391 1618 1432 divisio
1639 1402 1763 1435 3322·

79 1462 319 1516 signorum,
351 1463 559 1517 quoniam
598 1463 772 1517 signum
809 1463 1038 1516 quoddam
1079 1469 1146 1503 est
1180 1461 1334 1503 datum
1371 1461 1426 1502 ab
1460 1461 1620 1509 anima,

22 1543 62 1564 20
80 1538 124 1573 et
157 1532 385 1586 quoddam
423 1540 489 1574 est
524 1532 734 1574 naturale.
799 1531 988 1585 Signum
1025 1532 1179 1573 datum
1221 1531 1277 1572 ab
1314 1531 1458 1571 anima
1490 1544 1620 1571 voca-

79 1607 151 1642 tur
176 1602 382 1656 precipue
410 1601 584 1655 signum
606 1601 902 1643 voluntarium
926 1614 1026 1641 cum
1051 1600 1384 1651 deliberacione,
1406 1599 1526 1653 quod
1553 1605 1620 1640 est

79 1671 254 1724 signum
290 1671 542 1713 institutum
580 1672 637 1712 ad
674 1669 1024 1725 significandum,
1055 1676 1102 1710 ut
1134 1682 1263 1710 voces
1295 1669 1540 1722 linguarum
1575 1675 1619 1709 et

79 1740 266 1782 circulus
286 1741 375 1781 vini
403 1747 447 1782 et
476 1741 602 1795 panis
631 1741 674 1781 in
702 1740 904 1791 fenestra,
933 1745 978 1780 et
1006 1738 1152 1780 omnia
1179 1738 1283 1779 talia
1305 1752 1391 1792 que
1420 1738 1620 1779 instituta

77 1816 178 1852 sunt
201 1811 256 1851 ad
280 1809 617 1864 significandum
639 1823 684 1851 se
706 1809 773 1850 vel
796 1809 894 1851 alia.
940 1807 1076 1862 Signa
1098 1807 1236 1849 eciam
1257 1806 1370 1849 facta
1393 1807 1449 1848 ab
1470 1807 1618 1847 anima

20 1892 58 1923 25
79 1879 285 1921 racionali
334 1880 427 1921 sine
472 1879 806 1929 deliberacione,
848 1884 896 1919 ut
936 1878 1128 1932 gemitus
1168 1883 1212 1917 et
1254 1877 1361 1917 risus
1403 1882 1447 1917 et
1487 1890 1617 1917 voces

77 1948 320 2000 brutorum,
355 1957 456 1990 sunt
492 1949 596 1990 data
631 1949 687 1989 ab
729 1948 887 1998 anima,
923 1954 989 1988 set
1025 1946 1105 1987 hec
1141 1952 1354 1987 vocantur
1388 1945 1617 1994 naturalia,

76 2019 319 2059 secundum
342 2019 461 2072 quod
489 2024 647 2059 natura
668 2017 830 2058 dicitur
850 2016 988 2057 virtus
1013 2028 1149 2069 agens
1177 2015 1268 2056 sine
1294 2014 1616 2056 deliberacione

78 2087 263 2129 racionis
313 2094 355 2128 et
404 2088 498 2128 sine
546 2086 766 2128 eleccione
806 2085 1059 2135 voluntatis,
1100 2084 1203 2137 quia
1244 2083 1354 2124 fiunt
1408 2084 1614 2125 instinctu

76 2157 254 2210 proprio
276 2162 319 2197 et
341 2155 541 2198 naturali.
586 2155 664 2197 Set
686 2156 811 2209 signa
833 2155 967 2196 tercio
991 2153 1126 2195 modo
1147 2153 1349 2195 dicuntur
1369 2153 1617 2206 specialiter

17 2239 58 2270 30
76 2226 293 2268 naturalia
314 2240 340 2266 a
363 2231 518 2267 natura
550 2238 635 2278 que
667 2231 733 2266 est
764 2223 959 2265 essencia
990 2223 1065 2274 rei,
1095 2229 1138 2264 et
1169 2222 1253 2264 hoc
1283 2222 1524 2276 tripliciter,
1545 2222 1616 2263 vel

76 2295 401 2337 concomitante
437 2294 557 2335 aliud
594 2293 826 2348 probabili,
864 2298 941 2334 aut
973 2305 1148 2333 necesse
1183 2291 1514 2344 consequencia,
1547 2291 1614 2333 vel

76 2363 351 2418 configurata
381 2363 466 2413 alii,
488 2362 558 2403 vel
589 2363 807 2405 existente
835 2361 992 2404 effectu
1024 2361 1202 2403 alterius
1228 2361 1269 2402 in
1298 2375 1386 2415 quo
1414 2360 1616 2412 reluceat,

75 2434 188 2476 sicut
209 2434 252 2474 in
278 2447 357 2475 sua
386 2447 530 2475 causa.
592 2432 764 2473 Primus
793 2433 949 2473 modus
976 2431 1090 2484 signi
1119 2430 1331 2472 naturalis
1359 2437 1425 2472 est
1452 2430 1616 2472 habere

100 2541 103 2543 ’
120 2557 140 2579 2
163 2546 311 2588 scilicet]
330 2551 382 2577 set
398 2546 432 2577 F
573 2547 596 2576 6
618 2543 864 2585 excluduntur]
882 2544 1108 2575 excludentur
1125 2543 1191 2574 FD
1338 2553 1355 2583 7
1381 2543 1487 2575 multa
1502 2554 1570 2576 om.
1587 2543 1621 2574 F

79 2610 116 2631 11
143 2604 194 2631 est
210 2610 265 2629 om
292 2599 326 2629 F
437 2607 475 2637 13
500 2596 572 2637 ejus
589 2595 759 2637 essencia]
777 2597 891 2627 anima
907 2595 955 2626 F:
981 2595 1137 2627 essencia
1153 2595 1188 2626 D
1290 2605 1329 2635 14
1354 2595 1409 2627 alt.
1428 2601 1481 2627 est
1496 2606 1564 2628 om.
1580 2595 1616 2626 D

76 2651 138 2693 de]
156 2655 208 2683 est
224 2652 259 2681 in
275 2650 326 2681 F:
350 2650 385 2681 in
403 2649 438 2680 D
567 2659 610 2680 20
634 2648 796 2690 Signum]
815 2648 959 2688 Signum
976 2648 1069 2678 enim
1085 2647 1118 2678 F
1243 2658 1285 2687 24
1301 2647 1425 2689 eciam]
1442 2647 1532 2679 enim
1550 2647 1616 2678 FD

75 2714 117 2744 25
141 2704 216 2735 sine
233 2703 484 2735 deliberacione
501 2713 567 2732 om.
586 2701 622 2731 D
754 2702 797 2732 28
819 2701 894 2732 sine
910 2710 976 2732 om.
994 2700 1030 2730 D
1162 2710 1203 2740 31
1228 2700 1335 2742 aliud]
1353 2700 1409 2732 vel
1424 2700 1460 2731 D
1540 2700 1614 2742 aut]

77 2761 113 2787 ut
129 2756 162 2786 F
267 2755 430 2797 necesse]
448 2753 641 2787 necessaria
657 2753 722 2785 FD
877 2761 919 2794 33
944 2752 1081 2795 modus]
1107 2758 1219 2785 motus
1235 2753 1270 2784 D
1388 2753 1509 2786 modus
1525 2753 1615 2794 signi

56 2852 61 2855 -
76 2807 240 2840 naturalis
256 2819 324 2840 om.
342 2807 375 2839 F
