<?xml version="1.0" encoding="UTF-8"?>
<!DOCTYPE html PUBLIC "-//W3C//DTD XHTML 1.0 Transitional//EN"
    "http://www.w3.org/TR/xhtml1/DTD/xhtml1-transitional.dtd">
<html xmlns="http://www.w3.org/1999/xhtml" xml:lang="en" lang="en">
 <head>
  <title>
</title>
<meta http-equiv="Content-Type" content="text/html;charset=utf-8" />
  <meta name='ocr-system' content='tesseract 3.04.00' />
  <meta name='ocr-capabilities' content='ocr_page ocr_carea ocr_par ocr_line ocrx_word'/>
</head>
<body>
  <div class='ocr_page' id='page_1' title='image "./operahactenusine02baco_0072.png"; bbox 0 0 1934 3152; ppageno 0'>
   <div class='ocr_carea' id='block_1_1' title="bbox 1002 97 1059 151">
    <p class='ocr_par' dir='ltr' id='par_1_1' title="bbox 1002 97 1059 151">
     <span class='ocr_line' id='line_1_1' title="bbox 1002 97 1059 151; baseline 0 -13"><span class='ocrx_word' id='word_1_1' title='bbox 1002 97 1059 151; x_wconf 86' lang='lat'>58</span> 
     </span>
    </p>
   </div>
   <div class='ocr_carea' id='block_1_2' title="bbox 320 214 1800 270">
    <p class='ocr_par' dir='ltr' id='par_1_2' title="bbox 320 214 1800 270">
     <span class='ocr_line' id='line_1_2' title="bbox 320 214 1800 270; baseline -0.003 -11"><span class='ocrx_word' id='word_1_2' title='bbox 320 217 435 259; x_wconf 85' lang='lat' dir='ltr'><strong>Item</strong></span> <span class='ocrx_word' id='word_1_3' title='bbox 464 216 605 258; x_wconf 91' lang='lat' dir='ltr'>forma</span> <span class='ocrx_word' id='word_1_4' title='bbox 635 214 902 269; x_wconf 83' lang='lat' dir='ltr'>incompleta</span> <span class='ocrx_word' id='word_1_5' title='bbox 931 214 1102 268; x_wconf 83' lang='lat' dir='ltr'>generis</span> <span class='ocrx_word' id='word_1_6' title='bbox 1131 214 1181 256; x_wconf 85' lang='lat' dir='ltr'>fit</span> <span class='ocrx_word' id='word_1_7' title='bbox 1209 214 1474 270; x_wconf 90' lang='lat' dir='ltr'>complecior</span> <span class='ocrx_word' id='word_1_8' title='bbox 1502 221 1683 269; x_wconf 88' lang='lat' dir='ltr'>propter</span> <span class='ocrx_word' id='word_1_9' title='bbox 1707 227 1800 255; x_wconf 89' lang='lat' dir='ltr'>esse</span> 
     </span>
    </p>
   </div>
   <div class='ocr_carea' id='block_1_3' title="bbox 119 282 1801 342">
    <p class='ocr_par' dir='ltr' id='par_1_3' title="bbox 119 282 1801 342">
     <span class='ocr_line' id='line_1_3' title="bbox 119 282 1801 342; baseline -0.004 -12"><span class='ocrx_word' id='word_1_10' title='bbox 119 299 190 330; x_wconf 71' lang='lat'>15³</span> <span class='ocrx_word' id='word_1_11' title='bbox 212 300 241 322; x_wconf 85' lang='lat'>2·</span> <span class='ocrx_word' id='word_1_12' title='bbox 259 288 378 342; x_wconf 91' lang='lat' dir='ltr'>quod</span> <span class='ocrx_word' id='word_1_13' title='bbox 414 287 568 340; x_wconf 86' lang='lat' dir='ltr'>recipit</span> <span class='ocrx_word' id='word_1_14' title='bbox 604 292 653 327; x_wconf 91' lang='lat' dir='ltr'>ut</span> <span class='ocrx_word' id='word_1_15' title='bbox 694 285 770 327; x_wconf 90' lang='lat' dir='ltr'>fiat</span> <span class='ocrx_word' id='word_1_16' title='bbox 812 284 993 326; x_wconf 88' lang='lat' dir='ltr'>tandem</span> <span class='ocrx_word' id='word_1_17' title='bbox 1023 282 1028 339; x_wconf 78' lang='grc' dir='ltr'>Ι</span> <span class='ocrx_word' id='word_1_18' title='bbox 1056 284 1259 338; x_wconf 90' lang='lat' dir='ltr'>specifica</span> <span class='ocrx_word' id='word_1_19' title='bbox 1296 291 1339 326; x_wconf 90' lang='lat' dir='ltr'>et</span> <span class='ocrx_word' id='word_1_20' title='bbox 1375 285 1437 326; x_wconf 87' lang='lat' dir='ltr'>ita</span> <span class='ocrx_word' id='word_1_21' title='bbox 1472 298 1566 326; x_wconf 87' lang='lat' dir='ltr'>esse</span> <span class='ocrx_word' id='word_1_22' title='bbox 1589 283 1801 326; x_wconf 49' lang='lat' dir='ltr'>‘formalia</span> 
     </span>
    </p>
   </div>
   <div class='ocr_carea' id='block_1_4' title="bbox 119 2190 154 2221">
    <p class='ocr_par' dir='ltr' id='par_1_4' title="bbox 119 2190 154 2221">
     <span class='ocr_line' id='line_1_4' title="bbox 119 2190 154 2221; baseline 0 0"><span class='ocrx_word' id='word_1_23' title='bbox 119 2190 154 2221; x_wconf 75' lang='lat'>15</span> 
     </span>
    </p>
   </div>
   <div class='ocr_carea' id='block_1_5' title="bbox 258 346 1864 2159">
    <p class='ocr_par' dir='ltr' id='par_1_5' title="bbox 258 346 1864 2159">
     <span class='ocr_line' id='line_1_5' title="bbox 260 346 1798 412; baseline -0.003 -14"><span class='ocrx_word' id='word_1_24' title='bbox 260 364 361 399; x_wconf 86' lang='lat' dir='ltr'>sunt</span> <span class='ocrx_word' id='word_1_25' title='bbox 382 357 545 412; x_wconf 87' lang='lat' dir='ltr'>gradus</span> <span class='ocrx_word' id='word_1_26' title='bbox 573 354 886 397; x_wconf 89' lang='lat' dir='ltr'>substanciales</span> <span class='ocrx_word' id='word_1_27' title='bbox 907 355 1097 397; x_wconf 89' lang='lat' dir='ltr'>essencie</span> <span class='ocrx_word' id='word_1_28' title='bbox 1119 353 1257 396; x_wconf 90' lang='lat' dir='ltr'>forme</span> <span class='ocrx_word' id='word_1_29' title='bbox 1282 346 1511 409; x_wconf 88' lang='lat' dir='ltr'>pleniores,</span> <span class='ocrx_word' id='word_1_30' title='bbox 1534 368 1671 408; x_wconf 90' lang='lat' dir='ltr'>usque</span> <span class='ocrx_word' id='word_1_31' title='bbox 1691 354 1798 395; x_wconf 89' lang='lat' dir='ltr'>dum</span> 
     </span>
     <span class='ocr_line' id='line_1_6' title="bbox 260 423 1801 481; baseline -0.003 -13"><span class='ocrx_word' id='word_1_32' title='bbox 260 426 337 468; x_wconf 87' lang='lat' dir='ltr'>fiat</span> <span class='ocrx_word' id='word_1_33' title='bbox 373 425 580 481; x_wconf 90' lang='lat' dir='ltr'>perfecta.</span> <span class='ocrx_word' id='word_1_34' title='bbox 642 425 764 479; x_wconf 84' lang='lat' dir='ltr'>Ergo</span> <span class='ocrx_word' id='word_1_35' title='bbox 805 438 906 465; x_wconf 90' lang='lat' dir='ltr'>cum</span> <span class='ocrx_word' id='word_1_36' title='bbox 943 424 1127 465; x_wconf 86' lang='lat' dir='ltr'>materia</span> <span class='ocrx_word' id='word_1_37' title='bbox 1167 424 1368 465; x_wconf 86' lang='lat' dir='ltr'>similiter</span> <span class='ocrx_word' id='word_1_38' title='bbox 1407 431 1717 479; x_wconf 88' lang='lat' dir='ltr'>promoveatur</span> <span class='ocrx_word' id='word_1_39' title='bbox 1757 423 1801 463; x_wconf 90' lang='lat' dir='ltr'>in</span> 
     </span>
     <span class='ocr_line' id='line_1_7' title="bbox 260 493 1838 549; baseline -0.003 -11"><span class='ocrx_word' id='word_1_40' title='bbox 260 511 353 538; x_wconf 89' lang='grc'>6556</span> <span class='ocrx_word' id='word_1_41' title='bbox 379 496 619 537; x_wconf 89' lang='lat' dir='ltr'>materialia</span> <span class='ocrx_word' id='word_1_42' title='bbox 648 501 692 536; x_wconf 90' lang='lat' dir='ltr'>et</span> <span class='ocrx_word' id='word_1_43' title='bbox 721 507 813 535; x_wconf 87' lang='grc'>6556</span> <span class='ocrx_word' id='word_1_44' title='bbox 839 493 1054 535; x_wconf 80' lang='lat' dir='ltr'>nobiliora</span> <span class='ocrx_word' id='word_1_45' title='bbox 1084 500 1127 535; x_wconf 90' lang='lat' dir='ltr'>et</span> <span class='ocrx_word' id='word_1_46' title='bbox 1157 494 1434 549; x_wconf 86' lang='lat' dir='ltr'>perfecciora‚</span> <span class='ocrx_word' id='word_1_47' title='bbox 1456 495 1539 535; x_wconf 90' lang='lat' dir='ltr'>ista</span> <span class='ocrx_word' id='word_1_48' title='bbox 1560 507 1653 535; x_wconf 91' lang='grc'>6556</span> <span class='ocrx_word' id='word_1_49' title='bbox 1674 499 1801 534; x_wconf 90' lang='lat' dir='ltr'>erunt</span> <span class='ocrx_word' id='word_1_50' title='bbox 1820 513 1838 545; x_wconf 88' lang='lat'>5</span> 
     </span>
     <span class='ocr_line' id='line_1_8' title="bbox 259 563 1800 622; baseline -0.003 -13"><span class='ocrx_word' id='word_1_51' title='bbox 259 567 420 622; x_wconf 88' lang='lat' dir='ltr'>gradus</span> <span class='ocrx_word' id='word_1_52' title='bbox 468 565 650 607; x_wconf 86' lang='lat' dir='ltr'>materie</span> <span class='ocrx_word' id='word_1_53' title='bbox 691 578 768 618; x_wconf 89' lang='lat' dir='ltr'>per</span> <span class='ocrx_word' id='word_1_54' title='bbox 811 578 923 618; x_wconf 89' lang='lat' dir='ltr'>quos</span> <span class='ocrx_word' id='word_1_55' title='bbox 964 570 1248 619; x_wconf 87' lang='lat' dir='ltr'>promovetur</span> <span class='ocrx_word' id='word_1_56' title='bbox 1288 565 1345 606; x_wconf 92' lang='lat' dir='ltr'>ad</span> <span class='ocrx_word' id='word_1_57' title='bbox 1390 563 1639 618; x_wconf 88' lang='lat' dir='ltr'>specificam</span> <span class='ocrx_word' id='word_1_58' title='bbox 1680 577 1800 605; x_wconf 93' lang='lat' dir='ltr'>com-</span> 
     </span>
     <span class='ocr_line' id='line_1_9' title="bbox 260 633 1801 691; baseline -0.003 -13"><span class='ocrx_word' id='word_1_59' title='bbox 260 637 516 691; x_wconf 90' lang='lat' dir='ltr'>plecionem.</span> <span class='ocrx_word' id='word_1_60' title='bbox 595 635 709 676; x_wconf 89' lang='lat' dir='ltr'>Item</span> <span class='ocrx_word' id='word_1_61' title='bbox 751 634 953 688; x_wconf 88' lang='lat' dir='ltr'>potencia</span> <span class='ocrx_word' id='word_1_62' title='bbox 994 633 1133 675; x_wconf 88' lang='lat' dir='ltr'>forme</span> <span class='ocrx_word' id='word_1_63' title='bbox 1172 635 1341 689; x_wconf 83' lang='lat' dir='ltr'>generis</span> <span class='ocrx_word' id='word_1_64' title='bbox 1381 634 1694 689; x_wconf 89' lang='lat' dir='ltr'>generalissimi</span> <span class='ocrx_word' id='word_1_65' title='bbox 1735 641 1801 675; x_wconf 88' lang='lat' dir='ltr'>est</span> 
     </span>
     <span class='ocr_line' id='line_1_10' title="bbox 259 703 1802 761; baseline -0.003 -12"><span class='ocrx_word' id='word_1_66' title='bbox 259 706 426 761; x_wconf 82' lang='lat' dir='ltr'>equalis</span> <span class='ocrx_word' id='word_1_67' title='bbox 461 705 661 760; x_wconf 84' lang='lat' dir='ltr'>potencie</span> <span class='ocrx_word' id='word_1_68' title='bbox 698 704 880 746; x_wconf 89' lang='lat' dir='ltr'>materie</span> <span class='ocrx_word' id='word_1_69' title='bbox 921 703 1119 757; x_wconf 90' lang='lat' dir='ltr'>ejusdem</span> <span class='ocrx_word' id='word_1_70' title='bbox 1159 703 1229 746; x_wconf 91' lang='lat' dir='ltr'>vel</span> <span class='ocrx_word' id='word_1_71' title='bbox 1269 704 1466 754; x_wconf 85' lang='lat' dir='ltr'>nobilior,</span> <span class='ocrx_word' id='word_1_72' title='bbox 1506 717 1611 757; x_wconf 89' lang='lat' dir='ltr'>ergo</span> <span class='ocrx_word' id='word_1_73' title='bbox 1652 709 1802 758; x_wconf 89' lang='lat' dir='ltr'>potest</span> 
     </span>
     <span class='ocr_line' id='line_1_11' title="bbox 260 773 1802 830; baseline -0.004 -12"><span class='ocrx_word' id='word_1_74' title='bbox 260 775 482 830; x_wconf 91' lang='lat' dir='ltr'>complere</span> <span class='ocrx_word' id='word_1_75' title='bbox 503 788 600 816; x_wconf 85' lang='lat' dir='ltr'>earn</span> <span class='ocrx_word' id='word_1_76' title='bbox 623 773 832 822; x_wconf 87' lang='lat' dir='ltr'>totaliter,</span> <span class='ocrx_word' id='word_1_77' title='bbox 850 774 910 814; x_wconf 90' lang='lat' dir='ltr'>ita</span> <span class='ocrx_word' id='word_1_78' title='bbox 931 774 1051 827; x_wconf 88' lang='lat' dir='ltr'>quod</span> <span class='ocrx_word' id='word_1_79' title='bbox 1075 774 1280 828; x_wconf 85' lang='lat' dir='ltr'>potencia</span> <span class='ocrx_word' id='word_1_80' title='bbox 1297 773 1477 814; x_wconf 91' lang='lat' dir='ltr'>materie</span> <span class='ocrx_word' id='word_1_81' title='bbox 1499 773 1612 814; x_wconf 88' lang='lat' dir='ltr'>illius</span> <span class='ocrx_word' id='word_1_82' title='bbox 1632 773 1802 827; x_wconf 83' lang='lat' dir='ltr'>generis</span> 
     </span>
     <span class='ocr_line' id='line_1_12' title="bbox 260 841 1864 898; baseline -0.002 -11"><span class='ocrx_word' id='word_1_83' title='bbox 260 859 348 888; x_wconf 90' lang='lat' dir='ltr'>non</span> <span class='ocrx_word' id='word_1_84' title='bbox 384 846 573 887; x_wconf 87' lang='lat' dir='ltr'>excedat</span> <span class='ocrx_word' id='word_1_85' title='bbox 606 844 856 898; x_wconf 87' lang='lat' dir='ltr'>potenciam</span> <span class='ocrx_word' id='word_1_86' title='bbox 894 843 1034 885; x_wconf 87' lang='lat' dir='ltr'>forme</span> <span class='ocrx_word' id='word_1_87' title='bbox 1071 843 1279 897; x_wconf 90' lang='lat' dir='ltr'>ejusdem,</span> <span class='ocrx_word' id='word_1_88' title='bbox 1316 857 1450 898; x_wconf 88' lang='lat' dir='ltr'>quare</span> <span class='ocrx_word' id='word_1_89' title='bbox 1488 844 1697 898; x_wconf 56' lang='lat' dir='ltr'>potencia⁴</span> <span class='ocrx_word' id='word_1_90' title='bbox 1727 841 1801 884; x_wconf 88' lang='lat' dir='ltr'>illa</span> <span class='ocrx_word' id='word_1_91' title='bbox 1823 861 1864 883; x_wconf 94' lang='lat'>10</span> 
     </span>
     <span class='ocr_line' id='line_1_13' title="bbox 260 910 1801 967; baseline -0.003 -10"><span class='ocrx_word' id='word_1_92' title='bbox 260 916 441 957; x_wconf 81' lang='lat' dir='ltr'>materie</span> <span class='ocrx_word' id='word_1_93' title='bbox 475 914 588 955; x_wconf 90' lang='lat' dir='ltr'>illius</span> <span class='ocrx_word' id='word_1_94' title='bbox 623 913 870 967; x_wconf 90' lang='lat' dir='ltr'>completur</span> <span class='ocrx_word' id='word_1_95' title='bbox 907 926 985 967; x_wconf 91' lang='lat' dir='ltr'>per</span> <span class='ocrx_word' id='word_1_96' title='bbox 1025 914 1276 967; x_wconf 86' lang='lat' dir='ltr'>potenciam</span> <span class='ocrx_word' id='word_1_97' title='bbox 1317 914 1456 954; x_wconf 88' lang='lat' dir='ltr'>forme</span> <span class='ocrx_word' id='word_1_98' title='bbox 1497 913 1623 953; x_wconf 89' lang='lat' dir='ltr'>illius.</span> <span class='ocrx_word' id='word_1_99' title='bbox 1686 910 1801 953; x_wconf 82' lang='lat' dir='ltr'>Cu&#39;m</span> 
     </span>
     <span class='ocr_line' id='line_1_14' title="bbox 259 981 1802 1039; baseline -0.002 -13"><span class='ocrx_word' id='word_1_100' title='bbox 259 999 364 1039; x_wconf 85' lang='lat' dir='ltr'>ergo</span> <span class='ocrx_word' id='word_1_101' title='bbox 395 984 619 1027; x_wconf 88' lang='lat' dir='ltr'>adduntur</span> <span class='ocrx_word' id='word_1_102' title='bbox 652 984 709 1025; x_wconf 89' lang='lat' dir='ltr'>ad</span> <span class='ocrx_word' id='word_1_103' title='bbox 742 983 928 1025; x_wconf 89' lang='lat' dir='ltr'>formam</span> <span class='ocrx_word' id='word_1_104' title='bbox 962 984 1134 1038; x_wconf 83' lang='lat' dir='ltr'>generis</span> <span class='ocrx_word' id='word_1_105' title='bbox 1165 983 1476 1037; x_wconf 87' lang='lat' dir='ltr'>generalissimi</span> <span class='ocrx_word' id='word_1_106' title='bbox 1509 982 1647 1024; x_wconf 93' lang='lat' dir='ltr'>multe</span> <span class='ocrx_word' id='word_1_107' title='bbox 1677 981 1802 1023; x_wconf 86' lang='lat' dir='ltr'>diffe-</span> 
     </span>
     <span class='ocr_line' id='line_1_15' title="bbox 259 1052 1801 1109; baseline -0.002 -12"><span class='ocrx_word' id='word_1_108' title='bbox 259 1056 400 1097; x_wconf 89' lang='lat' dir='ltr'>rencie</span> <span class='ocrx_word' id='word_1_109' title='bbox 428 1054 632 1096; x_wconf 84' lang='lat' dir='ltr'>formales</span> <span class='ocrx_word' id='word_1_110' title='bbox 664 1067 892 1107; x_wconf 88' lang='lat' dir='ltr'>usquequo</span> <span class='ocrx_word' id='word_1_111' title='bbox 917 1054 1118 1096; x_wconf 88' lang='lat' dir='ltr'>veniatur</span> <span class='ocrx_word' id='word_1_112' title='bbox 1149 1054 1205 1095; x_wconf 89' lang='lat' dir='ltr'>ad</span> <span class='ocrx_word' id='word_1_113' title='bbox 1238 1053 1425 1095; x_wconf 88' lang='lat' dir='ltr'>formam</span> <span class='ocrx_word' id='word_1_114' title='bbox 1458 1053 1720 1109; x_wconf 88' lang='lat' dir='ltr'>specificam,</span> <span class='ocrx_word' id='word_1_115' title='bbox 1744 1052 1801 1094; x_wconf 86' lang='lat' dir='ltr'>ad</span> 
     </span>
     <span class='ocr_line' id='line_1_16' title="bbox 258 1122 1800 1179; baseline -0.002 -13"><span class='ocrx_word' id='word_1_116' title='bbox 258 1124 424 1167; x_wconf 88' lang='lat' dir='ltr'>nullam</span> <span class='ocrx_word' id='word_1_117' title='bbox 467 1139 616 1166; x_wconf 88' lang='lat' dir='ltr'>earum</span> <span class='ocrx_word' id='word_1_118' title='bbox 659 1125 740 1165; x_wconf 89' lang='lat' dir='ltr'>erit</span> <span class='ocrx_word' id='word_1_119' title='bbox 783 1124 964 1166; x_wconf 87' lang='lat' dir='ltr'>materia</span> <span class='ocrx_word' id='word_1_120' title='bbox 1004 1125 1146 1178; x_wconf 90' lang='lat' dir='ltr'>prima</span> <span class='ocrx_word' id='word_1_121' title='bbox 1188 1125 1230 1165; x_wconf 93' lang='lat' dir='ltr'>in</span> <span class='ocrx_word' id='word_1_122' title='bbox 1276 1125 1491 1179; x_wconf 89' lang='lat' dir='ltr'>potencia.</span> <span class='ocrx_word' id='word_1_123' title='bbox 1555 1123 1671 1165; x_wconf 91' lang='lat' dir='ltr'>Nam</span> <span class='ocrx_word' id='word_1_124' title='bbox 1706 1122 1800 1177; x_wconf 92' lang='lat' dir='ltr'>jam</span> 
     </span>
     <span class='ocr_line' id='line_1_17' title="bbox 259 1193 1861 1250; baseline -0.002 -14"><span class='ocrx_word' id='word_1_125' title='bbox 259 1195 450 1250; x_wconf 86' lang='lat' dir='ltr'>perfecta</span> <span class='ocrx_word' id='word_1_126' title='bbox 480 1201 546 1236; x_wconf 88' lang='lat' dir='ltr'>est</span> <span class='ocrx_word' id='word_1_127' title='bbox 577 1194 847 1248; x_wconf 88' lang='lat' dir='ltr'>perfeccione</span> <span class='ocrx_word' id='word_1_128' title='bbox 878 1194 1030 1245; x_wconf 88' lang='lat' dir='ltr'>forme,</span> <span class='ocrx_word' id='word_1_129' title='bbox 1059 1209 1165 1249; x_wconf 85' lang='lat' dir='ltr'>ergo</span> <span class='ocrx_word' id='word_1_130' title='bbox 1194 1194 1265 1236; x_wconf 92' lang='lat' dir='ltr'>ille</span> <span class='ocrx_word' id='word_1_131' title='bbox 1289 1194 1430 1236; x_wconf 88' lang='lat' dir='ltr'>forme</span> <span class='ocrx_word' id='word_1_132' title='bbox 1460 1207 1548 1236; x_wconf 90' lang='lat' dir='ltr'>non</span> <span class='ocrx_word' id='word_1_133' title='bbox 1575 1193 1801 1248; x_wconf 90' lang='lat' dir='ltr'>perficient</span> <span class='ocrx_word' id='word_1_134' title='bbox 1823 1209 1861 1242; x_wconf 89' lang='lat'>15</span> 
     </span>
     <span class='ocr_line' id='line_1_18' title="bbox 258 1264 1801 1320; baseline -0.002 -13"><span class='ocrx_word' id='word_1_135' title='bbox 258 1266 452 1320; x_wconf 90' lang='lat' dir='ltr'>aliquam</span> <span class='ocrx_word' id='word_1_136' title='bbox 497 1265 738 1312; x_wconf 88' lang='lat' dir='ltr'>materiam,</span> <span class='ocrx_word' id='word_1_137' title='bbox 776 1272 819 1306; x_wconf 95' lang='lat' dir='ltr'>et</span> <span class='ocrx_word' id='word_1_138' title='bbox 856 1265 917 1306; x_wconf 89' lang='lat' dir='ltr'>ita</span> <span class='ocrx_word' id='word_1_139' title='bbox 958 1266 1001 1305; x_wconf 92' lang='lat' dir='ltr'>in</span> <span class='ocrx_word' id='word_1_140' title='bbox 1035 1278 1198 1306; x_wconf 90' lang='lat' dir='ltr'>vanum</span> <span class='ocrx_word' id='word_1_141' title='bbox 1235 1264 1500 1306; x_wconf 88' lang='lat' dir='ltr'>creabuntur</span> <span class='ocrx_word' id='word_1_142' title='bbox 1535 1271 1580 1306; x_wconf 91' lang='lat' dir='ltr'>et</span> <span class='ocrx_word' id='word_1_143' title='bbox 1619 1277 1801 1319; x_wconf 86' lang='lat' dir='ltr'>genera-</span> 
     </span>
     <span class='ocr_line' id='line_1_19' title="bbox 258 1333 1799 1388; baseline -0.001 -11"><span class='ocrx_word' id='word_1_144' title='bbox 258 1336 435 1385; x_wconf 90' lang='lat' dir='ltr'>buntur,</span> <span class='ocrx_word' id='word_1_145' title='bbox 458 1340 503 1376; x_wconf 91' lang='lat' dir='ltr'>et</span> <span class='ocrx_word' id='word_1_146' title='bbox 525 1340 650 1375; x_wconf 90' lang='lat' dir='ltr'>erunt</span> <span class='ocrx_word' id='word_1_147' title='bbox 672 1333 920 1377; x_wconf 85' lang='lat' dir='ltr'>differencie</span> <span class='ocrx_word' id='word_1_148' title='bbox 942 1333 1148 1376; x_wconf 86' lang='lat' dir='ltr'>formales</span> <span class='ocrx_word' id='word_1_149' title='bbox 1168 1335 1260 1376; x_wconf 91' lang='lat' dir='ltr'>sine</span> <span class='ocrx_word' id='word_1_150' title='bbox 1287 1336 1472 1376; x_wconf 91' lang='lat' dir='ltr'>materia</span> <span class='ocrx_word' id='word_1_151' title='bbox 1493 1341 1599 1388; x_wconf 89' lang='lat' dir='ltr'>apta</span> <span class='ocrx_word' id='word_1_152' title='bbox 1623 1334 1679 1375; x_wconf 91' lang='lat' dir='ltr'>ad</span> <span class='ocrx_word' id='word_1_153' title='bbox 1702 1347 1799 1375; x_wconf 88' lang='lat' dir='ltr'>eas:</span> 
     </span>
     <span class='ocr_line' id='line_1_20' title="bbox 259 1404 1802 1459; baseline -0.001 -13"><span class='ocrx_word' id='word_1_154' title='bbox 259 1412 304 1447; x_wconf 92' lang='lat' dir='ltr'>et</span> <span class='ocrx_word' id='word_1_155' title='bbox 335 1406 418 1447; x_wconf 97' lang='grc'>1106</span> <span class='ocrx_word' id='word_1_156' title='bbox 450 1411 572 1459; x_wconf 91' lang='lat' dir='ltr'>patet</span> <span class='ocrx_word' id='word_1_157' title='bbox 603 1418 681 1459; x_wconf 92' lang='lat' dir='ltr'>per</span> <span class='ocrx_word' id='word_1_158' title='bbox 713 1404 812 1454; x_wconf 90' lang='lat' dir='ltr'>hoc,</span> <span class='ocrx_word' id='word_1_159' title='bbox 848 1405 968 1459; x_wconf 91' lang='lat' dir='ltr'>quod</span> <span class='ocrx_word' id='word_1_160' title='bbox 1005 1404 1146 1447; x_wconf 84' lang='lat' dir='ltr'>forma</span> <span class='ocrx_word' id='word_1_161' title='bbox 1178 1404 1493 1459; x_wconf 88' lang='lat' dir='ltr'>generalissimi</span> <span class='ocrx_word' id='word_1_162' title='bbox 1531 1418 1618 1445; x_wconf 89' lang='lat' dir='ltr'>non</span> <span class='ocrx_word' id='word_1_163' title='bbox 1654 1410 1802 1458; x_wconf 87' lang='lat' dir='ltr'>potest</span> 
     </span>
     <span class='ocr_line' id='line_1_21' title="bbox 259 1473 1800 1530; baseline -0.001 -14"><span class='ocrx_word' id='word_1_164' title='bbox 259 1475 355 1517; x_wconf 89' lang='lat' dir='ltr'>tolli</span> <span class='ocrx_word' id='word_1_165' title='bbox 387 1489 464 1530; x_wconf 88' lang='lat' dir='ltr'>per</span> <span class='ocrx_word' id='word_1_166' title='bbox 494 1474 688 1529; x_wconf 88' lang='lat' dir='ltr'>aliquam</span> <span class='ocrx_word' id='word_1_167' title='bbox 720 1475 1052 1528; x_wconf 86' lang='lat' dir='ltr'>corrupcionem</span> <span class='ocrx_word' id='word_1_168' title='bbox 1081 1489 1108 1516; x_wconf 91' lang='lat' dir='ltr'>a</span> <span class='ocrx_word' id='word_1_169' title='bbox 1137 1475 1319 1516; x_wconf 88' lang='lat' dir='ltr'>materia</span> <span class='ocrx_word' id='word_1_170' title='bbox 1350 1488 1440 1526; x_wconf 87' lang='lat' dir='ltr'>sua,</span> <span class='ocrx_word' id='word_1_171' title='bbox 1474 1488 1578 1529; x_wconf 87' lang='lat' dir='ltr'>ergo</span> <span class='ocrx_word' id='word_1_172' title='bbox 1608 1473 1800 1529; x_wconf 87' lang='lat' dir='ltr'>complet</span> 
     </span>
     <span class='ocr_line' id='line_1_22' title="bbox 260 1544 1861 1599; baseline 0.001 -13"><span class='ocrx_word' id='word_1_173' title='bbox 260 1558 356 1586; x_wconf 92' lang='lat' dir='ltr'>eam</span> <span class='ocrx_word' id='word_1_174' title='bbox 379 1545 492 1585; x_wconf 88' lang='lat' dir='ltr'>sicut</span> <span class='ocrx_word' id='word_1_175' title='bbox 514 1545 557 1585; x_wconf 94' lang='lat' dir='ltr'>in</span> <span class='ocrx_word' id='word_1_176' title='bbox 576 1544 835 1586; x_wconf 89' lang='lat' dir='ltr'>celestibus:</span> <span class='ocrx_word' id='word_1_177' title='bbox 865 1552 1137 1599; x_wconf 88' lang='lat' dir='ltr'>quapropter</span> <span class='ocrx_word' id='word_1_178' title='bbox 1152 1545 1359 1598; x_wconf 89' lang='lat' dir='ltr'>quicquid</span> <span class='ocrx_word' id='word_1_179' title='bbox 1384 1546 1438 1586; x_wconf 92' lang='lat' dir='ltr'>de</span> <span class='ocrx_word' id='word_1_180' title='bbox 1460 1544 1600 1586; x_wconf 89' lang='lat' dir='ltr'>forma</span> <span class='ocrx_word' id='word_1_181' title='bbox 1621 1545 1801 1586; x_wconf 89' lang='lat' dir='ltr'>additur</span> <span class='ocrx_word' id='word_1_182' title='bbox 1820 1564 1861 1587; x_wconf 86' lang='lat'>20</span> 
     </span>
     <span class='ocr_line' id='line_1_23' title="bbox 260 1615 1801 1669; baseline 0 -14"><span class='ocrx_word' id='word_1_183' title='bbox 260 1615 303 1655; x_wconf 89' lang='lat' dir='ltr'>in</span> <span class='ocrx_word' id='word_1_184' title='bbox 325 1629 487 1656; x_wconf 90' lang='lat' dir='ltr'>vanum</span> <span class='ocrx_word' id='word_1_185' title='bbox 517 1615 778 1665; x_wconf 82' lang='lat' dir='ltr'>adderetur3</span> <span class='ocrx_word' id='word_1_186' title='bbox 813 1628 892 1656; x_wconf 91' lang='lat' dir='ltr'>nec</span> <span class='ocrx_word' id='word_1_187' title='bbox 921 1616 1085 1669; x_wconf 88' lang='lat' dir='ltr'>poterit</span> <span class='ocrx_word' id='word_1_188' title='bbox 1113 1616 1230 1666; x_wconf 90' lang='lat' dir='ltr'>addi,</span> <span class='ocrx_word' id='word_1_189' title='bbox 1259 1629 1358 1656; x_wconf 87' lang='lat' dir='ltr'>cum</span> <span class='ocrx_word' id='word_1_190' title='bbox 1387 1615 1590 1668; x_wconf 90' lang='lat' dir='ltr'>potencia</span> <span class='ocrx_word' id='word_1_191' title='bbox 1618 1615 1801 1655; x_wconf 88' lang='lat' dir='ltr'>materie</span> 
     </span>
     <span class='ocr_line' id='line_1_24' title="bbox 260 1684 1801 1739; baseline -0.001 -13"><span class='ocrx_word' id='word_1_192' title='bbox 260 1699 346 1727; x_wconf 90' lang='lat' dir='ltr'>non</span> <span class='ocrx_word' id='word_1_193' title='bbox 376 1687 431 1727; x_wconf 86' lang='lat' dir='ltr'>sit</span> <span class='ocrx_word' id='word_1_194' title='bbox 460 1686 633 1727; x_wconf 88' lang='lat' dir='ltr'>addicio</span> <span class='ocrx_word' id='word_1_195' title='bbox 658 1685 805 1739; x_wconf 91' lang='lat' dir='ltr'>aliqua</span> <span class='ocrx_word' id='word_1_196' title='bbox 826 1686 881 1727; x_wconf 92' lang='lat' dir='ltr'>ad</span> <span class='ocrx_word' id='word_1_197' title='bbox 908 1685 1027 1735; x_wconf 88' lang='lat' dir='ltr'>illas;</span> <span class='ocrx_word' id='word_1_198' title='bbox 1063 1686 1342 1727; x_wconf 84' lang='lat' dir='ltr'>manifestum</span> <span class='ocrx_word' id='word_1_199' title='bbox 1367 1686 1498 1739; x_wconf 84' lang='lat' dir='ltr'>igitur</span> <span class='ocrx_word' id='word_1_200' title='bbox 1526 1691 1592 1726; x_wconf 92' lang='lat' dir='ltr'>est</span> <span class='ocrx_word' id='word_1_201' title='bbox 1619 1685 1739 1738; x_wconf 93' lang='lat' dir='ltr'>quod</span> <span class='ocrx_word' id='word_1_202' title='bbox 1766 1684 1801 1725; x_wconf 90' lang='lat' dir='ltr'>si</span> 
     </span>
     <span class='ocr_line' id='line_1_25' title="bbox 261 1755 1801 1810; baseline -0.001 -14"><span class='ocrx_word' id='word_1_203' title='bbox 261 1755 333 1796; x_wconf 90' lang='lat' dir='ltr'>illa</span> <span class='ocrx_word' id='word_1_204' title='bbox 367 1756 550 1797; x_wconf 86' lang='lat' dir='ltr'>materia</span> <span class='ocrx_word' id='word_1_205' title='bbox 586 1761 653 1796; x_wconf 87' lang='lat' dir='ltr'>est</span> <span class='ocrx_word' id='word_1_206' title='bbox 690 1756 732 1796; x_wconf 92' lang='lat' dir='ltr'>in</span> <span class='ocrx_word' id='word_1_207' title='bbox 767 1756 973 1809; x_wconf 90' lang='lat' dir='ltr'>potencia</span> <span class='ocrx_word' id='word_1_208' title='bbox 1009 1756 1066 1797; x_wconf 90' lang='lat' dir='ltr'>ad</span> <span class='ocrx_word' id='word_1_209' title='bbox 1101 1755 1278 1810; x_wconf 88' lang='lat' dir='ltr'>aliquid,</span> <span class='ocrx_word' id='word_1_210' title='bbox 1315 1756 1396 1796; x_wconf 90' lang='lat' dir='ltr'>erit</span> <span class='ocrx_word' id='word_1_211' title='bbox 1428 1756 1470 1796; x_wconf 90' lang='lat' dir='ltr'>in</span> <span class='ocrx_word' id='word_1_212' title='bbox 1508 1755 1710 1809; x_wconf 89' lang='lat' dir='ltr'>potencia</span> <span class='ocrx_word' id='word_1_213' title='bbox 1743 1755 1801 1796; x_wconf 89' lang='lat' dir='ltr'>ad</span> 
     </span>
     <span class='ocr_line' id='line_1_26' title="bbox 258 1823 1802 1880; baseline -0.001 -14"><span class='ocrx_word' id='word_1_214' title='bbox 258 1826 422 1880; x_wconf 80' lang='lat' dir='ltr'>gradus</span> <span class='ocrx_word' id='word_1_215' title='bbox 450 1826 629 1866; x_wconf 87' lang='lat' dir='ltr'>materie</span> <span class='ocrx_word' id='word_1_216' title='bbox 660 1825 984 1878; x_wconf 86' lang='lat' dir='ltr'>compleciores‚</span> <span class='ocrx_word' id='word_1_217' title='bbox 1012 1825 1124 1866; x_wconf 89' lang='lat' dir='ltr'>sicut</span> <span class='ocrx_word' id='word_1_218' title='bbox 1154 1825 1294 1866; x_wconf 90' lang='lat' dir='ltr'>forma</span> <span class='ocrx_word' id='word_1_219' title='bbox 1321 1824 1586 1878; x_wconf 90' lang='lat' dir='ltr'>completiva</span> <span class='ocrx_word' id='word_1_220' title='bbox 1614 1823 1708 1878; x_wconf 88' lang='lat' dir='ltr'>ejus</span> <span class='ocrx_word' id='word_1_221' title='bbox 1736 1831 1802 1866; x_wconf 86' lang='lat' dir='ltr'>est</span> 
     </span>
     <span class='ocr_line' id='line_1_27' title="bbox 260 1893 1860 1949; baseline -0.001 -13"><span class='ocrx_word' id='word_1_222' title='bbox 260 1896 303 1936; x_wconf 92' lang='lat' dir='ltr'>in</span> <span class='ocrx_word' id='word_1_223' title='bbox 328 1896 530 1949; x_wconf 87' lang='lat' dir='ltr'>potencia</span> <span class='ocrx_word' id='word_1_224' title='bbox 551 1895 608 1936; x_wconf 90' lang='lat' dir='ltr'>ad</span> <span class='ocrx_word' id='word_1_225' title='bbox 630 1896 792 1949; x_wconf 85' lang='lat' dir='ltr'>gradus</span> <span class='ocrx_word' id='word_1_226' title='bbox 809 1894 959 1936; x_wconf 85' lang='lat' dir='ltr'>forme.</span> <span class='ocrx_word' id='word_1_227' title='bbox 1004 1895 1119 1937; x_wconf 91' lang='lat' dir='ltr'>Item</span> <span class='ocrx_word' id='word_1_228' title='bbox 1136 1895 1247 1936; x_wconf 86' lang='lat' dir='ltr'>sicut</span> <span class='ocrx_word' id='word_1_229' title='bbox 1263 1895 1404 1936; x_wconf 87' lang='lat' dir='ltr'>forma</span> <span class='ocrx_word' id='word_1_230' title='bbox 1422 1908 1535 1936; x_wconf 89' lang='lat' dir='ltr'>nova</span> <span class='ocrx_word' id='word_1_231' title='bbox 1552 1893 1802 1936; x_wconf 86' lang='lat' dir='ltr'>differencie</span> <span class='ocrx_word' id='word_1_232' title='bbox 1823 1912 1860 1944; x_wconf 85' lang='lat'>²5</span> 
     </span>
     <span class='ocr_line' id='line_1_28' title="bbox 259 1964 1801 2020; baseline -0.001 -14"><span class='ocrx_word' id='word_1_233' title='bbox 259 1966 433 2006; x_wconf 90' lang='lat' dir='ltr'>additur</span> <span class='ocrx_word' id='word_1_234' title='bbox 454 1966 511 2006; x_wconf 90' lang='lat' dir='ltr'>ad</span> <span class='ocrx_word' id='word_1_235' title='bbox 533 1965 719 2006; x_wconf 89' lang='lat' dir='ltr'>formam</span> <span class='ocrx_word' id='word_1_236' title='bbox 746 1965 931 2019; x_wconf 84' lang='lat' dir='ltr'>generis,</span> <span class='ocrx_word' id='word_1_237' title='bbox 952 1966 1012 2006; x_wconf 93' lang='lat' dir='ltr'>sic</span> <span class='ocrx_word' id='word_1_238' title='bbox 1037 1978 1204 2006; x_wconf 88' lang='lat' dir='ltr'>novum</span> <span class='ocrx_word' id='word_1_239' title='bbox 1233 1964 1527 2020; x_wconf 80' lang='lat' dir='ltr'>compositum</span> <span class='ocrx_word' id='word_1_240' title='bbox 1558 1965 1801 2020; x_wconf 90' lang='lat' dir='ltr'>specierum</span> 
     </span>
     <span class='ocr_line' id='line_1_29' title="bbox 259 2034 1802 2090; baseline -0.001 -15"><span class='ocrx_word' id='word_1_241' title='bbox 259 2035 672 2089; x_wconf 85' lang='lat' dir='ltr'>specialissimarum</span> <span class='ocrx_word' id='word_1_242' title='bbox 694 2048 772 2089; x_wconf 90' lang='lat' dir='ltr'>per</span> <span class='ocrx_word' id='word_1_243' title='bbox 800 2034 1070 2076; x_wconf 85' lang='lat' dir='ltr'>differencias</span> <span class='ocrx_word' id='word_1_244' title='bbox 1098 2036 1363 2090; x_wconf 85' lang='lat' dir='ltr'>compositas</span> <span class='ocrx_word' id='word_1_245' title='bbox 1388 2035 1564 2076; x_wconf 90' lang='lat' dir='ltr'>additur</span> <span class='ocrx_word' id='word_1_246' title='bbox 1585 2034 1640 2076; x_wconf 93' lang='lat' dir='ltr'>ad</span> <span class='ocrx_word' id='word_1_247' title='bbox 1664 2047 1802 2089; x_wconf 87' lang='lat' dir='ltr'>genus</span> 
     </span>
     <span class='ocr_line' id='line_1_30' title="bbox 260 2103 1802 2159; baseline -0.001 -14"><span class='ocrx_word' id='word_1_248' title='bbox 260 2104 652 2158; x_wconf 84' lang='lat' dir='ltr'>generalissimum,</span> <span class='ocrx_word' id='word_1_249' title='bbox 672 2118 810 2158; x_wconf 90' lang='lat' dir='ltr'>usque</span> <span class='ocrx_word' id='word_1_250' title='bbox 826 2104 882 2146; x_wconf 90' lang='lat' dir='ltr'>ad</span> <span class='ocrx_word' id='word_1_251' title='bbox 901 2103 1105 2146; x_wconf 90' lang='lat' dir='ltr'>ultimum</span> <span class='ocrx_word' id='word_1_252' title='bbox 1123 2105 1430 2159; x_wconf 90' lang='lat' dir='ltr'>compositum,</span> <span class='ocrx_word' id='word_1_253' title='bbox 1446 2105 1530 2146; x_wconf 92' lang='lat' dir='ltr'>hoc</span> <span class='ocrx_word' id='word_1_254' title='bbox 1547 2110 1623 2154; x_wconf 88' lang='lat' dir='ltr'>est,</span> <span class='ocrx_word' id='word_1_255' title='bbox 1637 2103 1802 2158; x_wconf 86' lang='lat' dir='ltr'>gradus</span> 
     </span>
    </p>
   </div>
   <div class='ocr_carea' id='block_1_6' title="bbox 235 2173 1801 2229">
    <p class='ocr_par' dir='ltr' id='par_1_6' title="bbox 235 2173 1801 2229">
     <span class='ocr_line' id='line_1_31' title="bbox 235 2173 1801 2229; baseline 0.001 -17"><span class='ocrx_word' id='word_1_256' title='bbox 235 2175 494 2228; x_wconf 84' lang='lat' dir='ltr'>.compositi</span> <span class='ocrx_word' id='word_1_257' title='bbox 527 2174 826 2228; x_wconf 88' lang='lat' dir='ltr'>perfecciores,</span> <span class='ocrx_word' id='word_1_258' title='bbox 858 2181 902 2216; x_wconf 88' lang='lat' dir='ltr'>et</span> <span class='ocrx_word' id='word_1_259' title='bbox 937 2173 1220 2228; x_wconf 84' lang='lat' dir='ltr'>perfecciores</span> <span class='ocrx_word' id='word_1_260' title='bbox 1248 2173 1252 2229; x_wconf 87' lang='grc' dir='ltr'>Ι</span> <span class='ocrx_word' id='word_1_261' title='bbox 1280 2188 1453 2229; x_wconf 88' lang='lat' dir='ltr'>semper</span> <span class='ocrx_word' id='word_1_262' title='bbox 1480 2174 1713 2224; x_wconf 90' lang='lat' dir='ltr'>adduntur,</span> <span class='ocrx_word' id='word_1_263' title='bbox 1734 2179 1801 2214; x_wconf 89' lang='lat' dir='ltr'>set</span> 
     </span>
    </p>
   </div>
   <div class='ocr_carea' id='block_1_7' title="bbox 261 2243 1862 2367">
    <p class='ocr_par' dir='ltr' id='par_1_7' title="bbox 261 2243 1862 2367">
     <span class='ocr_line' id='line_1_32' title="bbox 261 2243 1862 2299; baseline -0.001 -16"><span class='ocrx_word' id='word_1_264' title='bbox 261 2245 295 2284; x_wconf 89' lang='lat' dir='ltr'>si</span> <span class='ocrx_word' id='word_1_265' title='bbox 327 2244 440 2285; x_wconf 85' lang='lat' dir='ltr'>ultra</span> <span class='ocrx_word' id='word_1_266' title='bbox 472 2245 701 2285; x_wconf 83' lang='lat' dir='ltr'>materiam</span> <span class='ocrx_word' id='word_1_267' title='bbox 734 2243 1052 2298; x_wconf 83' lang='lat' dir='ltr'>generalissimi</span> <span class='ocrx_word' id='word_1_268' title='bbox 1081 2258 1168 2285; x_wconf 89' lang='lat' dir='ltr'>non</span> <span class='ocrx_word' id='word_1_269' title='bbox 1194 2244 1430 2286; x_wconf 89' lang='lat' dir='ltr'>adderetur</span> <span class='ocrx_word' id='word_1_270' title='bbox 1454 2243 1611 2298; x_wconf 87' lang='lat' dir='ltr'>aliquis</span> <span class='ocrx_word' id='word_1_271' title='bbox 1638 2243 1801 2299; x_wconf 85' lang='lat' dir='ltr'>gradus</span> <span class='ocrx_word' id='word_1_272' title='bbox 1821 2259 1862 2291; x_wconf 80' lang='lat'>30</span> 
     </span>
     <span class='ocr_line' id='line_1_33' title="bbox 263 2313 1802 2367; baseline 0 -14"><span class='ocrx_word' id='word_1_273' title='bbox 263 2314 457 2363; x_wconf 85' lang='lat' dir='ltr'>materie,</span> <span class='ocrx_word' id='word_1_274' title='bbox 493 2320 560 2355; x_wconf 91' lang='lat' dir='ltr'>set</span> <span class='ocrx_word' id='word_1_275' title='bbox 598 2313 740 2354; x_wconf 91' lang='lat' dir='ltr'>solum</span> <span class='ocrx_word' id='word_1_276' title='bbox 778 2313 929 2366; x_wconf 90' lang='lat' dir='ltr'>forme,</span> <span class='ocrx_word' id='word_1_277' title='bbox 968 2328 1055 2355; x_wconf 93' lang='lat' dir='ltr'>non</span> <span class='ocrx_word' id='word_1_278' title='bbox 1089 2321 1235 2356; x_wconf 87' lang='lat' dir='ltr'>essent</span> <span class='ocrx_word' id='word_1_279' title='bbox 1272 2315 1521 2355; x_wconf 90' lang='lat' dir='ltr'>substancie</span> <span class='ocrx_word' id='word_1_280' title='bbox 1557 2313 1802 2367; x_wconf 88' lang='lat' dir='ltr'>composite</span> 
     </span>
    </p>
   </div>
   <div class='ocr_carea' id='block_1_8' title="bbox 262 2381 1802 2505">
    <p class='ocr_par' dir='ltr' id='par_1_8' title="bbox 262 2381 1802 2505">
     <span class='ocr_line' id='line_1_34' title="bbox 262 2381 1802 2438; baseline 0 -16"><span class='ocrx_word' id='word_1_281' title='bbox 262 2382 408 2435; x_wconf 88' lang='lat' dir='ltr'>alique</span> <span class='ocrx_word' id='word_1_282' title='bbox 425 2382 673 2425; x_wconf 84' lang='lat' dir='ltr'>differencie</span> <span class='ocrx_word' id='word_1_283' title='bbox 691 2384 947 2438; x_wconf 87' lang='lat' dir='ltr'>composite.</span> <span class='ocrx_word' id='word_1_284' title='bbox 1009 2384 1199 2425; x_wconf 88' lang='lat' dir='ltr'>Necesse</span> <span class='ocrx_word' id='word_1_285' title='bbox 1217 2390 1281 2424; x_wconf 86' lang='lat' dir='ltr'>est</span> <span class='ocrx_word' id='word_1_286' title='bbox 1298 2397 1403 2436; x_wconf 83' lang='lat' dir='ltr'>ergo</span> <span class='ocrx_word' id='word_1_287' title='bbox 1419 2383 1536 2437; x_wconf 92' lang='lat' dir='ltr'>quod</span> <span class='ocrx_word' id='word_1_288' title='bbox 1554 2381 1802 2424; x_wconf 87' lang='lat' dir='ltr'>differencie</span> 
     </span>
     <span class='ocr_line' id='line_1_35' title="bbox 264 2449 1801 2505; baseline 0.001 -16"><span class='ocrx_word' id='word_1_289' title='bbox 264 2456 307 2489; x_wconf 90' lang='lat' dir='ltr'>et</span> <span class='ocrx_word' id='word_1_290' title='bbox 330 2451 492 2502; x_wconf 81' lang='lat' dir='ltr'>gradus</span> <span class='ocrx_word' id='word_1_291' title='bbox 515 2451 698 2491; x_wconf 84' lang='lat' dir='ltr'>materie</span> <span class='ocrx_word' id='word_1_292' title='bbox 720 2451 941 2492; x_wconf 88' lang='lat' dir='ltr'>addantur</span> <span class='ocrx_word' id='word_1_293' title='bbox 962 2451 1018 2492; x_wconf 87' lang='lat' dir='ltr'>ad</span> <span class='ocrx_word' id='word_1_294' title='bbox 1047 2452 1275 2493; x_wconf 90' lang='lat' dir='ltr'>materiam</span> <span class='ocrx_word' id='word_1_295' title='bbox 1299 2450 1668 2505; x_wconf 83' lang='lat' dir='ltr'>generalissimam</span> <span class='ocrx_word' id='word_1_296' title='bbox 1691 2449 1801 2490; x_wconf 87' lang='lat' dir='ltr'>sicut</span> 
     </span>
    </p>
   </div>
   <div class='ocr_carea' id='block_1_9' title="bbox 263 2519 1801 2571">
    <p class='ocr_par' dir='ltr' id='par_1_9' title="bbox 263 2519 1801 2571">
     <span class='ocr_line' id='line_1_36' title="bbox 263 2519 1801 2571; baseline 0.001 -13"><span class='ocrx_word' id='word_1_297' title='bbox 263 2533 290 2559; x_wconf 90' lang='lat' dir='ltr'>a</span> <span class='ocrx_word' id='word_1_298' title='bbox 332 2526 454 2571; x_wconf 89' lang='lat' dir='ltr'>parte</span> <span class='ocrx_word' id='word_1_299' title='bbox 495 2519 645 2570; x_wconf 86' lang='lat' dir='ltr'>forme,</span> <span class='ocrx_word' id='word_1_300' title='bbox 681 2527 725 2561; x_wconf 92' lang='lat' dir='ltr'>et</span> <span class='ocrx_word' id='word_1_301' title='bbox 762 2521 823 2561; x_wconf 90' lang='lat' dir='ltr'>ita</span> <span class='ocrx_word' id='word_1_302' title='bbox 861 2521 941 2561; x_wconf 90' lang='lat' dir='ltr'>erit</span> <span class='ocrx_word' id='word_1_303' title='bbox 980 2521 1165 2562; x_wconf 89' lang='lat' dir='ltr'>materia</span> <span class='ocrx_word' id='word_1_304' title='bbox 1201 2521 1446 2562; x_wconf 88' lang='lat' dir='ltr'>communis</span> <span class='ocrx_word' id='word_1_305' title='bbox 1483 2519 1720 2560; x_wconf 89' lang='lat' dir='ltr'>dividenda</span> <span class='ocrx_word' id='word_1_306' title='bbox 1756 2525 1801 2560; x_wconf 91' lang='lat' dir='ltr'>et</span> 
     </span>
    </p>
   </div>
   <div class='ocr_carea' id='block_1_10' title="bbox 264 2587 1860 2769">
    <p class='ocr_par' dir='ltr' id='par_1_10' title="bbox 264 2587 1860 2769">
     <span class='ocr_line' id='line_1_37' title="bbox 264 2587 1860 2644; baseline 0.001 -17"><span class='ocrx_word' id='word_1_307' title='bbox 264 2587 555 2640; x_wconf 89' lang='lat' dir='ltr'>specificanda</span> <span class='ocrx_word' id='word_1_308' title='bbox 578 2603 656 2642; x_wconf 93' lang='lat' dir='ltr'>per</span> <span class='ocrx_word' id='word_1_309' title='bbox 678 2589 951 2631; x_wconf 87' lang='lat' dir='ltr'>differencias</span> <span class='ocrx_word' id='word_1_310' title='bbox 974 2591 1085 2632; x_wconf 91' lang='lat' dir='ltr'>sicut</span> <span class='ocrx_word' id='word_1_311' title='bbox 1107 2604 1133 2631; x_wconf 92' lang='lat' dir='ltr'>a</span> <span class='ocrx_word' id='word_1_312' title='bbox 1155 2597 1280 2644; x_wconf 88' lang='lat' dir='ltr'>parte</span> <span class='ocrx_word' id='word_1_313' title='bbox 1302 2590 1451 2631; x_wconf 86' lang='lat' dir='ltr'>forme.</span> <span class='ocrx_word' id='word_1_314' title='bbox 1821 2595 1860 2629; x_wconf 80' lang='lat'>35</span> 
     </span>
     <span class='ocr_line' id='line_1_38' title="bbox 310 2673 1802 2717; baseline 0.001 -16"><span class='ocrx_word' id='word_1_315' title='bbox 310 2683 327 2709; x_wconf 77' lang='lat'><strong>4</strong></span> <span class='ocrx_word' id='word_1_316' title='bbox 354 2673 520 2714; x_wconf 80' lang='lat' dir='ltr'>perfecta]</span> <span class='ocrx_word' id='word_1_317' title='bbox 539 2674 691 2713; x_wconf 81' lang='lat' dir='ltr'>perfecte</span> <span class='ocrx_word' id='word_1_318' title='bbox 708 2674 743 2705; x_wconf 94' lang='lat' dir='ltr'><em>D</em></span> <span class='ocrx_word' id='word_1_319' title='bbox 802 2675 972 2717; x_wconf 90' lang='lat' dir='ltr'>similiter]</span> <span class='ocrx_word' id='word_1_320' title='bbox 991 2675 1190 2716; x_wconf 88' lang='lat' dir='ltr'>simpliciter</span> <span class='ocrx_word' id='word_1_321' title='bbox 1206 2675 1241 2705; x_wconf 92' lang='lat' dir='ltr'><em>D</em></span> <span class='ocrx_word' id='word_1_322' title='bbox 1355 2685 1374 2714; x_wconf 89' lang='lat'>5</span> <span class='ocrx_word' id='word_1_323' title='bbox 1393 2680 1446 2716; x_wconf 80' lang='lat' dir='ltr'>pr.</span> <span class='ocrx_word' id='word_1_324' title='bbox 1467 2673 1518 2715; x_wconf 88' lang='lat' dir='ltr'>et]</span> <span class='ocrx_word' id='word_1_325' title='bbox 1536 2674 1722 2705; x_wconf 86' lang='lat' dir='ltr'>secundum</span> <span class='ocrx_word' id='word_1_326' title='bbox 1739 2673 1802 2704; x_wconf 88' lang='lat' dir='ltr'>FD</span> 
     </span>
     <span class='ocr_line' id='line_1_39' title="bbox 268 2724 1802 2769; baseline 0.002 -16"><span class='ocrx_word' id='word_1_327' title='bbox 268 2734 306 2762; x_wconf 90' lang='lat'>14</span> <span class='ocrx_word' id='word_1_328' title='bbox 332 2724 465 2766; x_wconf 86' lang='lat' dir='ltr'>earum]</span> <span class='ocrx_word' id='word_1_329' title='bbox 483 2725 614 2756; x_wconf 86' lang='lat' dir='ltr'>illarum</span> <span class='ocrx_word' id='word_1_330' title='bbox 627 2726 690 2757; x_wconf 85' lang='lat' dir='ltr'>FD</span> <span class='ocrx_word' id='word_1_331' title='bbox 818 2737 856 2766; x_wconf 86' lang='lat'>15</span> <span class='ocrx_word' id='word_1_332' title='bbox 878 2728 936 2759; x_wconf 91' lang='lat' dir='ltr'>ille</span> <span class='ocrx_word' id='word_1_333' title='bbox 952 2727 1076 2769; x_wconf 86' lang='lat' dir='ltr'>forme]</span> <span class='ocrx_word' id='word_1_334' title='bbox 1094 2728 1150 2759; x_wconf 92' lang='lat' dir='ltr'>ille</span> <span class='ocrx_word' id='word_1_335' title='bbox 1167 2727 1202 2758; x_wconf 90' lang='lat' dir='ltr'><em>D</em></span> <span class='ocrx_word' id='word_1_336' title='bbox 1331 2728 1371 2758; x_wconf 90' lang='lat'>18</span> <span class='ocrx_word' id='word_1_337' title='bbox 1394 2736 1456 2767; x_wconf 89' lang='lat' dir='ltr'>per</span> <span class='ocrx_word' id='word_1_338' title='bbox 1471 2727 1534 2758; x_wconf 92' lang='lat' dir='ltr'>hoc</span> <span class='ocrx_word' id='word_1_339' title='bbox 1551 2725 1659 2768; x_wconf 92' lang='lat' dir='ltr'>quod]</span> <span class='ocrx_word' id='word_1_340' title='bbox 1676 2725 1802 2765; x_wconf 91' lang='lat' dir='ltr'>quiaD</span> 
     </span>
    </p>
   </div>
   <div class='ocr_carea' id='block_1_11' title="bbox 262 2776 1800 2873">
    <p class='ocr_par' dir='ltr' id='par_1_11' title="bbox 262 2776 1800 2873">
     <span class='ocr_line' id='line_1_40' title="bbox 264 2776 1800 2821; baseline 0.003 -17"><span class='ocrx_word' id='word_1_341' title='bbox 264 2785 301 2804; x_wconf 86' lang='lat'>21</span> <span class='ocrx_word' id='word_1_342' title='bbox 329 2776 530 2817; x_wconf 87' lang='lat' dir='ltr'>adderetur]</span> <span class='ocrx_word' id='word_1_343' title='bbox 548 2778 693 2809; x_wconf 90' lang='lat' dir='ltr'>addetur</span> <span class='ocrx_word' id='word_1_344' title='bbox 708 2778 771 2809; x_wconf 87' lang='lat' dir='ltr'>FD</span> <span class='ocrx_word' id='word_1_345' title='bbox 859 2790 901 2810; x_wconf 88' lang='lat'>22</span> <span class='ocrx_word' id='word_1_346' title='bbox 927 2779 1018 2821; x_wconf 84' lang='lat' dir='ltr'>illas]</span> <span class='ocrx_word' id='word_1_347' title='bbox 1036 2779 1109 2810; x_wconf 83' lang='lat' dir='ltr'>illas</span> <span class='ocrx_word' id='word_1_348' title='bbox 1124 2779 1194 2810; x_wconf 89' lang='lat' dir='ltr'>sere</span> <span class='ocrx_word' id='word_1_349' title='bbox 1207 2779 1239 2810; x_wconf 89' lang='lat' dir='ltr'><em>F</em></span> <span class='ocrx_word' id='word_1_350' title='bbox 1320 2778 1438 2821; x_wconf 82' lang='lat' dir='ltr'>igitur]</span> <span class='ocrx_word' id='word_1_351' title='bbox 1453 2789 1536 2819; x_wconf 88' lang='lat' dir='ltr'>ergo</span> <span class='ocrx_word' id='word_1_352' title='bbox 1547 2778 1582 2809; x_wconf 90' lang='lat' dir='ltr'><em>D</em></span> <span class='ocrx_word' id='word_1_353' title='bbox 1671 2788 1712 2818; x_wconf 80' lang='lat'>23</span> <span class='ocrx_word' id='word_1_354' title='bbox 1736 2779 1800 2810; x_wconf 89' lang='lat' dir='ltr'>erit</span> 
     </span>
     <span class='ocr_line' id='line_1_41' title="bbox 262 2828 1290 2873; baseline 0.005 -15"><span class='ocrx_word' id='word_1_355' title='bbox 262 2828 298 2859; x_wconf 87' lang='lat' dir='ltr'>in</span> <span class='ocrx_word' id='word_1_356' title='bbox 316 2828 492 2870; x_wconf 85' lang='lat' dir='ltr'>potencia]</span> <span class='ocrx_word' id='word_1_357' title='bbox 511 2829 574 2860; x_wconf 89' lang='lat' dir='ltr'>erit</span> <span class='ocrx_word' id='word_1_358' title='bbox 590 2830 623 2860; x_wconf 89' lang='lat' dir='ltr'><em>F</em></span> <span class='ocrx_word' id='word_1_359' title='bbox 773 2841 814 2871; x_wconf 89' lang='lat'>34</span> <span class='ocrx_word' id='word_1_360' title='bbox 839 2831 1040 2873; x_wconf 89' lang='lat' dir='ltr'>dividenda]</span> <span class='ocrx_word' id='word_1_361' title='bbox 1059 2832 1239 2863; x_wconf 88' lang='lat' dir='ltr'>dividanda</span> <span class='ocrx_word' id='word_1_362' title='bbox 1256 2831 1290 2862; x_wconf 82' lang='lat' dir='ltr'><em>F</em></span> 
     </span>
    </p>
   </div>
   <div class='ocr_carea' id='block_1_12' title="bbox 1932 293 1934 892">
    <p class='ocr_par' dir='ltr' id='par_1_12' title="bbox 1932 293 1934 892">
     <span class='ocr_line' id='line_1_42' title="bbox 1932 293 1934 892; baseline 0 0"><span class='ocrx_word' id='word_1_363' title='bbox 1932 293 1934 892; x_wconf 95' lang='lat' dir='ltr'> </span> 
     </span>
    </p>
   </div>
   <div class='ocr_carea' id='block_1_13' title="bbox 1931 2341 1934 3084">
    <p class='ocr_par' dir='ltr' id='par_1_13' title="bbox 1931 2341 1934 3084">
     <span class='ocr_line' id='line_1_43' title="bbox 1931 2341 1934 3084; baseline 0 0"><span class='ocrx_word' id='word_1_364' title='bbox 1931 2341 1934 3084; x_wconf 95' lang='lat' dir='ltr'> </span> 
     </span>
    </p>
   </div>
  </div>
 </body>
</html>
