1934 3152
148 1535 271 1567 29a2.

1025 67 1108 106 106

287 185 510 239 singulare
538 190 582 227 et
607 183 896 236 individuum,
929 181 1137 237 quicquid
1160 182 1217 223 sit
1244 181 1287 223 in
1316 195 1381 232 eo,
1406 187 1454 223 ut
1480 183 1524 223 in
1558 182 1742 225 Socrate
1772 189 1839 224 est

289 255 436 296 anima
471 254 703 309 singularis
737 260 780 294 et
816 266 977 307 corpus
1013 251 1247 306 singulare,
1279 259 1323 294 et
1358 252 1557 303 sciencia,
1589 259 1632 294 et
1665 251 1839 303 albedo,

289 326 400 367 sicut
417 326 512 379 ipse
531 324 737 366 Socrates
755 329 820 365 est
840 322 1086 377 singularis.
1140 322 1254 364 Item
1272 323 1392 377 quod
1410 323 1615 377 recipitur
1628 323 1839 366 inanimo

290 401 358 436 est
373 395 416 436 in
440 409 493 437 eo
510 409 589 449 per
606 395 789 436 modum
817 393 1079 447 recipientiS‚
1096 399 1146 434 ut
1167 392 1274 434 dicit
1295 393 1481 435 Boetius
1497 397 1544 446 5⁰
1556 392 1626 434 De
1648 391 1840 435 Consola-

287 466 405 507 cz'one
421 472 465 506 et
483 464 610 505 multi
624 463 711 514 alii,
728 477 835 518 ergo
857 463 893 504 si
915 463 1082 516 aliquid
1101 468 1167 504 est
1190 463 1234 503 in
1255 463 1464 517 singulari
1488 469 1553 504 est
1569 476 1646 516 per
1660 463 1841 504 modum

289 535 574 590 singularem,
594 541 637 575 et
653 535 752 575 ideo
775 534 929 575 dicunt
950 533 1071 587 quod
1089 532 1334 574 universale
1355 533 1487 575 nichil
1510 540 1577 575 θεῖ
1597 533 1841 574 secundum

290 620 396 657 rem,
416 612 459 647 et
477 605 596 658 quod
614 604 855 659 singularia
872 617 962 645 non
984 604 1251 645 conveniunt
1273 603 1317 644 in
1340 602 1488 657 aliquo
1512 617 1590 658 per
1606 604 1842 659 participa-

290 677 475 728 cionem,
506 681 574 716 set
611 674 755 715 solum
792 688 870 729 per
907 674 1220 725 imitacionem,
1252 679 1296 715 et
1327 673 1491 716 similes
1523 680 1637 724 sunt,
1668 680 1718 716 ut
1753 674 1844 715 duo

288 746 491 787 homines
524 746 790 786 conveniunt
834 758 912 800 per
954 744 1251 786 imitacionem
1295 750 1339 786 et
1375 744 1541 786 similes
1575 750 1690 786 sunt.
1765 743 1844 787 Set

289 817 437 858 asinus
469 829 557 857 non
586 821 653 857 est
682 816 744 857 eis
772 815 929 858 similis
954 829 1031 870 per
1059 811 1358 856 imitacionem
1388 828 1469 857 nec
1507 829 1584 870 per
1614 814 1845 869 participa-

289 887 474 928 cionem.
539 885 618 928 Set
643 885 751 926 illud
774 885 963 927 destruit
992 885 1282 927 fundamenta
1308 898 1453 926 rerum
1483 891 1527 926 et
1553 881 1844 939 philosophie.

294 956 354 997 Et
384 957 484 998 ideo
511 956 656 1010 primo
686 956 940 997 evacuande
972 963 1074 998 sunt
1104 955 1359 1009 hujusmodi
1391 955 1777 1010 sophisticaciones
1802 955 1847 996 in

291 1027 451 1082 quibus
472 1026 713 1078 confidunt,
733 1034 781 1068 ut
804 1026 1017 1068 reddatur
1038 1041 1190 1068 eorum
1212 1026 1380 1080 posicio
1403 1026 1543 1067 inanis
1564 1032 1608 1067 et
1630 1033 1848 1080 suspecta,

292 1111 379 1151 que
413 1097 551 1138 eciam
589 1111 647 1137 ex
679 1097 869 1151 propriis
900 1097 1164 1138 destruetur.
1248 1097 1362 1137 Dico
1394 1096 1528 1150 igitur
1561 1096 1616 1137 ad
1653 1095 1846 1150 primum

292 1168 415 1221 quod
446 1167 557 1209 falsa
594 1174 660 1208 est
696 1167 950 1221 proposicio
983 1166 1075 1215 hec,
1111 1166 1334 1221 Quicquid
1366 1173 1433 1207 est
1464 1166 1508 1206 in
1540 1165 1749 1220 singulari
1780 1171 1847 1207 θεῖ

292 1237 528 1293 singulare.
579 1238 700 1278 Nam
733 1237 1001 1279 Aristoteles
1033 1240 1080 1287 4⁰
1111 1236 1393 1278 Plzisicorum
1424 1236 1657 1289 distinguit
1689 1236 1847 1277 modos

295 1308 318 1348 8
349 1307 520 1349 essendi
549 1308 604 1357 in,
626 1314 670 1349 et
699 1320 812 1348 unus
841 1313 908 1348 est
934 1307 1047 1348 sicut
1076 1306 1298 1361 singulare
1330 1307 1374 1347 in
1407 1306 1651 1356 universali,
1672 1313 1716 1348 et
1737 1305 1848 1347 alius

293 1379 406 1420 sicut
438 1378 685 1419 universale
717 1378 762 1418 in
798 1377 1022 1432 singulari.
1092 1377 1216 1433 Ergo
1253 1378 1561 1420 contradicunt
1599 1376 1848 1419 Aristoteli.

296 1449 473 1489 Deinde
508 1448 759 1503 explicatur
804 1447 809 1503 Ι
854 1448 1039 1489 verbum
1072 1447 1342 1500 Aristotelis,
1373 1454 1421 1488 ut
1450 1447 1664 1490 tollantur
1695 1446 1846 1501 hujus-

295 1517 417 1559 modi
460 1517 657 1559 fantasie.
735 1517 854 1558 Nam
900 1517 1124 1571 singulare
1164 1517 1301 1560 habet
1343 1517 1513 1572 duplex
1561 1531 1668 1569 esse,
1710 1530 1846 1558 unum

295 1587 551 1629 absolutum
570 1602 628 1629 ex
653 1587 742 1628 suis
761 1588 950 1643 propriis
971 1587 1210 1642 principiis,
1225 1595 1274 1629 ut
1298 1587 1504 1630 Socrates
1522 1601 1580 1629 ex
1603 1601 1788 1642 corpore
1804 1593 1848 1629 et

294 1657 453 1708 anima,
475 1657 597 1698 aliud
624 1664 931 1711 comparatum
955 1663 1156 1711 respectu
1186 1657 1365 1698 alterius
1387 1657 1612 1706 individui,
1634 1670 1736 1698 cum
1758 1671 1848 1711 quo

293 1727 499 1769 convenit
522 1727 567 1767 in
597 1733 755 1768 natura
779 1726 995 1782 specifica,
1019 1733 1067 1767 ut
1097 1727 1141 1767 in
1168 1726 1446 1768 humanitate
1474 1740 1561 1780 que
1588 1733 1654 1768 est
1679 1733 1776 1768 tota
1805 1727 1848 1767 in

296 1804 484 1851 utraque
510 1803 554 1838 et
576 1797 784 1848 totaliter,
808 1803 855 1838 ut
878 1797 986 1838 dicit
1009 1796 1192 1838 Boetius
1223 1800 1269 1851 3⁰
1290 1797 1403 1838 libro
1437 1796 1480 1836 in
1513 1795 1849 1838 Commentariis

294 1875 424 1922 super
459 1866 623 1908 librum
660 1866 919 1909 Aristotelis
954 1866 1006 1908 de
1043 1866 1382 1919 Peryermenz'z's.
1445 1866 1559 1908 Cum
1598 1880 1706 1920 ergo
1742 1866 1848 1908 dicit

295 1937 504 1991 quicquid
529 1944 596 1979 est
619 1938 662 1978 in
685 1936 896 1991 singulari
928 1943 995 1978 est
1026 1936 1259 1991 singulare,
1281 1950 1434 1978 verum
1467 1943 1535 1978 est
1562 1936 1620 1978 de
1645 1950 1697 1978 eo
1726 1936 1846 1990 quod

297 2007 410 2048 inest
431 2007 470 2047 ei
494 2008 736 2048 secundum
764 2021 859 2048 esse
891 2008 1096 2062 primum,
1120 2013 1168 2047 ut
1195 2008 1342 2048 anima
1364 2014 1408 2047 et
1441 1999 1600 2061 corpus
1621 2013 1666 2048 et
1687 2005 1848 2047 albedo

298 2083 343 2117 et
365 2077 553 2118 sciencia
577 2084 621 2118 et
651 2076 921 2130 hujusmodi,
942 2082 1010 2118 set
1038 2089 1125 2118 non
1159 2065 1405 2118 est'verum
1429 2077 1485 2117 de
1507 2090 1560 2118 eo
1582 2076 1705 2130 quod
1735 2076 1848 2117 inest

298 2147 336 2186 ei
374 2147 616 2188 secundum
649 2161 745 2188 esse
776 2147 1034 2198 secundum,
1064 2152 1108 2187 et
1140 2146 1230 2188 tale
1261 2153 1326 2187 est
1359 2145 1615 2188 universale.
1679 2145 1740 2187 Et
1771 2159 1848 2199 per

1863 482 1881 514 5

1865 836 1906 859 10

1869 1187 1908 1219 15

1868 1538 1909 1560 20

1870 1887 1909 1919 ²5

296 2215 382 2257 hoc
418 2215 603 2257 solvitur
641 2217 749 2258 illud
784 2216 903 2271 quod
942 2216 1059 2264 dicit,
1092 2215 1238 2258 Omne
1269 2216 1389 2269 quod
1423 2222 1490 2257 est
1522 2216 1565 2256 in
1597 2216 1745 2257 animo
1783 2228 1847 2256 re·
1867 2224 1909 2256 30

298 2286 471 2339 cipitur,
502 2285 577 2328 &c
643 2287 895 2328 Dicendum
942 2286 1059 2327 enim
1092 2286 1211 2339 quod
1255 2287 1415 2327 modus
1447 2286 1584 2340 ipsius
1615 2285 1848 2339 singularis

296 2363 363 2396 est
385 2354 567 2409 duplex,
591 2370 702 2396 unus
729 2364 795 2397 est
821 2355 1063 2397 secundum
1085 2368 1180 2396 esse
1208 2356 1413 2409 primum,
1436 2362 1480 2396 et
1502 2355 1711 2409 quicquid
1735 2355 1847 2396 inest

297 2425 509 2478 singulari
542 2426 787 2467 secundum
820 2427 1004 2467 modum
1037 2424 1152 2466 hunc
1183 2431 1249 2466 est
1281 2424 1514 2480 singulare,
1546 2431 1593 2466 ut
1624 2424 1772 2466 anima
1802 2430 1846 2465 et

297 2508 455 2548 corpus
492 2494 597 2548 ejus,
636 2495 726 2548 &c.‚
759 2496 837 2537 sed
874 2495 986 2536 alius
1023 2495 1180 2536 modus
1213 2501 1280 2536 est
1311 2494 1406 2548 ejus
1437 2508 1571 2549 penes
1603 2508 1697 2535 esse
1728 2508 1845 2536 com-

299 2570 504 2617 paratum
540 2566 659 2618 quod
696 2565 845 2615 habet,
882 2571 925 2605 et
962 2564 1173 2618 quicquid
1215 2565 1328 2606 inest
1369 2564 1407 2604 ei
1451 2564 1693 2605 secundum
1730 2564 1845 2604 hunc
1865 2576 1906 2609 35

300 2633 482 2674 modum
510 2640 576 2675 est
610 2634 852 2676 universale
881 2641 923 2675 et
950 2647 1038 2675 non
1067 2633 1299 2688 singulare.
1361 2633 1535 2674 Deinde
1557 2633 1652 2687 ipsa
1681 2633 1847 2687 posicio

343 2750 362 2778 4
398 2743 557 2772 Boetius
590 2745 628 2773 5⁰
659 2744 715 2773 De
747 2741 1040 2784 Consolacione]
1074 2742 1094 2774 l.
1126 2753 1158 2782 v,
1188 2751 1291 2783 prosa
1319 2742 1393 2780 5—6.
1590 2743 1628 2772 16
1659 2743 1700 2772 4⁰
1723 2742 1846 2772 Phisi-

299 2791 446 2833 eorum]
465 2803 492 2825 e.
511 2804 563 2825 21.
