1934 3152
807 147 861 191 97

64 253 246 303 propter
267 248 361 302 ejus
384 248 649 302 dignitatem
673 255 739 291 set
766 258 947 304 propter
969 251 1290 294 successionem
1315 253 1598 307 singularium

66 316 462 371 multiplicatorum
495 318 538 358 in
571 319 691 359 omni
723 325 923 375 tempore
954 327 998 362 et
1033 319 1142 372 loco,
1177 322 1291 363 unde
1327 323 1469 375 primo
1506 337 1600 376 pre-

65 387 260 441 exigitur
301 386 480 441 aliquod
523 387 742 441 singulare
779 390 1134 443 quandocunque
1172 397 1214 432 et
1260 390 1509 445 ubicunque
1546 393 1601 434 sit

65 456 320 507 universale,
337 456 440 499 licet
462 470 598 498 unum
621 458 842 512 singulare
863 472 950 500 non
975 467 1151 502 maneat
1171 474 1343 514 semper
1364 467 1408 502 et
1424 460 1602 514 ubique.

26 544 43 575 5
68 526 200 569 Unde
237 525 481 568 universale
512 540 600 567 non
636 527 769 568 habet
800 528 883 569 hoc
915 542 972 569 ex
1008 543 1055 570 se
1090 530 1167 571 sed
1205 544 1262 571 ex
1299 530 1602 585 singularibus,

64 602 107 637 et
143 596 244 637 ideo
279 596 414 638 debet
449 595 531 637 hoc
568 596 863 650 principaliter
903 598 1059 639 ascribi
1100 599 1393 653 singularibus
1434 606 1477 641 et
1514 613 1601 642 non

64 658 307 706 universali.
372 665 433 706 Et
469 665 571 707 ideo
608 679 708 706 cum
746 667 864 716 dicit,
899 672 942 708 2⁰
972 667 1040 708 De
1072 668 1254 721 Anima,
1290 670 1411 722 quod
1445 675 1602 711 natura

65 735 255 777 intendit
283 747 378 776 esse
402 740 665 789 perpetuum
696 741 740 776 et
769 735 976 787 divinum,
1003 743 1047 778 et
1073 737 1313 779 universale
1339 744 1602 793 perpetuum

64 811 131 846 est
162 803 384 858 singulare
407 803 706 857 corruptibile,
733 805 917 845 verbum
949 819 1077 846 suum
1105 812 1172 848 est
1197 821 1275 861 per
1304 808 1507 849 accidens
1535 807 1600 848 in-

8 895 48 918 10
65 873 336 915 tendendum
358 873 414 915 de
436 873 682 925 universali,
705 879 748 914 et
771 887 848 927 per
867 888 914 915 se
936 875 991 915 de
1014 875 1295 917 multitudine
1317 876 1601 930 singularium

65 944 109 984 in
130 943 287 997 quibus
315 943 558 984 universale
588 943 796 984 salvatur.
859 944 992 985 Unde
1018 958 1107 986 non
1129 945 1319 987 intendit
1339 946 1604 988 Aristoteles

64 1013 376 1068 principaliter,
417 1013 497 1055 nisi
544 1012 664 1066 quod
707 1019 862 1054 natura
903 1027 990 1054 non
1036 1015 1224 1056 intendit
1264 1015 1425 1056 habere
1466 1029 1604 1057 unum

65 1083 211 1125 solum
247 1082 480 1137 singulare,
509 1090 576 1124 set
612 1082 739 1136 plura
771 1097 849 1137 per
885 1083 1139 1126 continuam
1176 1086 1526 1138 generacionem,
1561 1085 1604 1125 in

66 1152 226 1207 quibus
257 1151 448 1194 salvatur
479 1151 736 1194 universale.
800 1152 847 1194 Si
877 1153 1036 1194 dicitur
1063 1154 1183 1207 quod
1204 1154 1471 1196 Aristoteles
1499 1154 1606 1195 dicit

9 1223 110 1273 15in
145 1221 321 1264 Ethz'cz's
356 1229 401 1264 et
434 1223 477 1262 in
512 1222 705 1263 secundo
740 1222 1055 1276 Metlmplzz‘sz‘ce
1095 1224 1216 1276 quod
1249 1222 1357 1265 illud
1390 1224 1509 1277 quod
1540 1229 1606 1264 est

67 1292 259 1346 primum
281 1292 523 1334 secundum
552 1291 848 1334 intencionem
878 1299 1032 1334 nature
1058 1299 1123 1334 est
1153 1292 1358 1334 ultimum
1380 1293 1423 1333 in
1446 1306 1606 1334 execu-

67 1363 194 1404 cione
214 1369 258 1404 et
285 1375 310 1403 e
332 1375 558 1414 converSO‚
586 1367 630 1403 et
658 1361 742 1402 hoc
765 1361 967 1404 videmus
997 1363 1040 1403 in
1068 1362 1358 1416 generacione
1387 1362 1576 1404 naturali
1600 1360 1605 1418 Ι

67 1431 377 1474 descendendo
390 1431 446 1472 ab
461 1430 780 1472 universalibus
794 1431 850 1473 ad
864 1431 1155 1486 particularia,
1167 1438 1214 1473 ut
1228 1432 1427 1486 superius
1441 1432 1607 1473 dictum

68 1507 147 1543 est.
202 1501 324 1555 Ergo
346 1500 449 1541 licet
471 1500 742 1541 individuum
761 1507 875 1542 esset
895 1501 1015 1556 prius
1030 1502 1270 1542 secundum
1287 1501 1608 1556 operacionem‚

10 1589 50 1611 20
69 1571 174 1626 quia
195 1577 262 1613 est
283 1571 624 1612 fundamentum
648 1570 691 1611 in
714 1584 803 1624 quo
828 1577 918 1612 stat
941 1570 1201 1620 universale,
1221 1577 1370 1612 tamen
1392 1571 1609 1625 posterius

68 1641 308 1683 secundum
351 1639 661 1691 intencionem,
697 1646 741 1681 et
784 1641 846 1681 ita
886 1640 967 1681 erit
1007 1640 1181 1693 dignius
1223 1647 1267 1681 et
1309 1639 1466 1681 melius
1506 1640 1610 1693 quia

69 1717 226 1752 natura
247 1723 421 1764 semper
443 1710 631 1751 intendit
657 1709 776 1763 quod
805 1709 960 1750 melius
990 1716 1068 1751 est.
1129 1709 1380 1751 Dicendum
1403 1715 1470 1750 est
1490 1709 1607 1763 quod

68 1780 152 1822 hoc
172 1779 356 1822 verbum
379 1778 636 1821 Aristotelis
662 1779 921 1833 intelligitur
946 1780 988 1819 in
1019 1779 1138 1820 omni
1167 1779 1283 1820 linea
1310 1778 1608 1832 generacionis

70 1850 283 1891 naturalis
305 1857 349 1891 et
371 1848 610 1890 artificialis
632 1849 883 1902 ubicunque
911 1848 1167 1889 ordinantur
1190 1847 1338 1901 aliqua
1366 1847 1606 1888 secundum

13 1935 51 1967 25
70 1921 190 1975 prius
216 1926 260 1962 et
289 1919 519 1974 posterius,
539 1918 782 1960 secundum
810 1918 1081 1972 completum
1107 1924 1150 1958 et
1173 1916 1502 1970 incompletum,
1523 1916 1608 1965 ubi,

69 1989 244 2039 scilicet,
276 1989 442 2042 aliquid
472 1994 540 2030 est
570 1988 614 2028 in
646 1987 821 2029 racione
857 1986 966 2039 finis,
1001 1993 1045 2029 et
1078 1986 1163 2028 alia
1196 1992 1297 2027 sunt
1330 1986 1531 2027 ordinata
1564 1986 1607 2026 in

71 2058 204 2100 finem
236 2057 502 2112 regulariter,
535 2064 584 2098 ut
616 2058 659 2097 in
690 2056 989 2098 artificialibus
1019 2057 1160 2111 primo
1192 2055 1457 2109 colliguntur
1490 2054 1609 2109 ligna

72 2134 116 2169 et
135 2127 306 2182 lapides
327 2141 408 2181 pro
429 2125 615 2178 edificio,
635 2127 794 2168 deinde
815 2125 1073 2180 sculpuntur
1094 2132 1138 2166 et
1159 2125 1426 2175 scinduntur,
1448 2124 1610 2165 deinde

70 2203 281 2252 aptantur
315 2197 561 2238 adinvicem
598 2203 780 2250 propter
816 2195 962 2247 finem,
1000 2195 1178 2242 scilicet,
1215 2199 1394 2249 propter
1426 2194 1608 2235 domum

12 2281 54 2314 30
70 2266 140 2309 vel
160 2265 277 2308 aliud
305 2265 423 2319 quod
451 2265 702 2306 intenditur.
768 2265 828 2306 Et
855 2264 1054 2305 similiter
1083 2264 1143 2305 ita
1164 2269 1231 2305 est
1257 2264 1300 2303 in
1324 2262 1610 2317 generacione

72 2335 306 2390 cujuslibet
342 2336 402 2376 rei
440 2332 662 2384 naturalis,
693 2334 783 2375 sive
819 2335 874 2374 sit
913 2333 1186 2374 individuum
1222 2333 1312 2373 sive
1342 2333 1398 2373 sit
1439 2332 1607 2372 univer-

71 2405 176 2455 sale,
209 2411 258 2446 ut
295 2403 674 2457 exemplificatum
709 2410 776 2444 est
809 2403 851 2443 in
883 2402 1200 2444 universalibus
1233 2415 1320 2455 que
1351 2401 1610 2442 ordinantur

73 2474 319 2516 adinvicem
357 2474 593 2514 secundum
633 2472 751 2526 prius
788 2479 832 2513 et
868 2471 1098 2526 posterius,
1135 2478 1179 2512 et
1214 2471 1455 2512 secundum
1492 2483 1609 2511 com-

73 2543 239 2598 plecius
268 2550 312 2584 et
341 2542 671 2597 incomplecius‚
692 2542 829 2582 donec
860 2542 916 2582 ad
946 2541 1077 2581 finem
1106 2540 1375 2594 completum
1399 2539 1610 2589 veniatur,

0 2629 54 2661 ‘35
74 2620 123 2654 ut
151 2625 248 2654 cum
278 2612 413 2654 homo
443 2617 677 2667 generatur
707 2611 818 2652 sicut
847 2609 958 2660 finis,
987 2610 1129 2663 primo
1160 2615 1226 2651 est
1258 2609 1316 2650 ibi
1349 2609 1613 2657 substancia,

73 2682 232 2724 deinde
273 2695 429 2736 corpus
470 2688 513 2723 et
554 2679 730 2730 animal,
771 2685 814 2720 et
859 2679 1015 2721 ultimo
1055 2679 1189 2720 homo
1229 2680 1339 2721 sicut
1381 2677 1487 2720 finis.
1549 2678 1611 2720 Et

74 2751 275 2793 similiter
296 2752 340 2792 in
361 2750 647 2806 generacione
669 2749 728 2790 rei
750 2748 992 2803 singularis,
1016 2755 1064 2789 ut
1089 2748 1221 2803 hujus
1242 2748 1444 2798 hominis,
1467 2747 1610 2802 primo

97 2877 103 2880 -
570 2845 588 2874 7
614 2837 652 2865 20
668 2836 724 2866 De
740 2832 895 2875 Anima]
914 2832 937 2865 l.
955 2833 986 2873 ii,
1006 2843 1034 2865 c.
1053 2842 1106 2873 34.

142 2915 237 2934 R.B-¹1
831 2899 867 2929 H

1629 1441 1752 1475 26b1.
