1934 3152
24 877 64 900 10

20 1574 61 1596 20

19 2269 62 2301 30

19 2613 59 2646 35

814 126 892 171 105

82 234 142 274 sic
166 231 385 286 singulare
407 245 484 286 per
503 231 751 285 singularia,
773 231 876 285 quia
901 231 1054 272 eadem
1085 236 1188 271 sunt
1213 227 1426 283 principia
1452 226 1619 268 essendi

84 310 127 344 et
173 302 476 356 cognoscendi,
517 308 566 342 ut
613 301 773 342 dicitur
810 305 855 355 3⁰
887 298 1214 354 Methaplzz‘sz‘ce.
1289 297 1367 339 Set
1407 296 1619 350 principia

82 371 367 425 singularium
409 370 645 424 singularia
684 377 796 421 sunt,
840 370 952 411 sicut
993 366 1302 410 universalium
1345 365 1619 415 universalia,

84 446 132 482 ut
183 440 345 482 dicitur
386 440 430 480 in
471 440 552 491 xi0,
593 453 698 494 ergo
739 440 914 482 videtur
960 439 1080 493 quod
1125 436 1367 491 singularia
1411 447 1498 475 non
1547 447 1618 474 co-

82 516 350 564 gnoscantur
382 509 441 551 ab
473 509 631 564 angelo
663 523 740 564 per
768 509 936 563 species
968 506 1233 550 universales
1265 505 1510 548 adinvicem
1543 516 1619 557 ap-

83 579 279 634 plicatas,
314 585 381 620 set
415 592 492 632 per
529 578 696 632 species
740 578 995 632 singulares.
1070 576 1152 619 Set
1193 576 1276 617 hoc
1309 589 1367 616 ex
1411 572 1619 614 incidenti

83 648 249 689 dictum
287 654 367 689 est.

142 717 344 759 Secunda
382 731 486 758 vero
528 717 753 767 autoritas,
793 729 878 770 que
920 716 1022 757 dicit
1064 715 1182 769 quod
1228 713 1475 755 intellectus
1515 710 1618 752 facit

83 787 453 829 universalitatem
481 787 524 827 in
554 787 698 837 rebus,
721 791 786 828 est
815 784 1096 839 intelligenda
1127 785 1182 825 de
1213 783 1357 838 specie
1389 780 1619 823 universali

82 857 137 898 de
157 870 245 910 qua
268 856 361 910 jam
390 857 558 897 dictum
586 862 664 906 est,
686 869 774 896 non
803 856 859 896 de
887 855 1015 896 rebus
1045 853 1360 895 universalibus
1388 851 1431 892 in
1459 850 1620 905 quibus

81 927 347 968 conveniunt
384 924 662 981 particularia
698 931 826 967 extra
860 925 1067 966 animam.
1129 923 1263 977 Quod
1299 936 1402 963 vero
1440 920 1620 961 Boetius

80 995 201 1046 dicit,
224 996 523 1037 reducendum
546 1003 612 1037 est
639 996 696 1037 ad
718 995 884 1035 clarum
913 1007 1088 1035 sensum
1110 993 1193 1034 hoc
1220 992 1367 1033 modo.
1430 990 1548 1031 Nam
1572 997 1620 1030 ut

81 1065 248 1107 dictum
285 1071 362 1114 est,
401 1065 642 1106 universale
677 1071 743 1106 est
779 1064 1003 1117 objectum
1039 1062 1285 1104 intellectus
1321 1074 1398 1115 per
1433 1065 1619 1099 antono-

83 1135 265 1176 masiam
289 1141 472 1188 propter
493 1147 670 1176 causam
690 1133 909 1187 duplicem
927 1133 1105 1182 dictam,
1122 1137 1166 1172 et
1183 1130 1382 1172 similiter
1403 1127 1620 1182 singulare

46 1226 60 1250 ε,
81 1210 146 1245 est
173 1204 398 1258 objectum
426 1217 578 1245 sensus
601 1217 678 1257 per
704 1202 1072 1252 antonomasiam,
1095 1200 1197 1255 quia
1230 1212 1382 1240 sensus
1412 1197 1548 1239 fertur
1576 1197 1619 1237 in

79 1273 188 1314 illud
211 1274 331 1326 quod
353 1274 498 1314 verius
525 1273 660 1314 habet
683 1286 777 1313 esse
798 1278 901 1313 ante
922 1285 980 1321 se,
1002 1277 1046 1311 et
1067 1269 1151 1311 hoc
1175 1276 1240 1310 est
1261 1268 1492 1321 singulare,
1517 1266 1620 1320 quia

80 1343 324 1394 universale
353 1356 440 1384 non
469 1350 535 1384 est
557 1343 638 1383 nisi
669 1342 711 1382 in
743 1355 810 1392 eo,
831 1348 875 1382 et
907 1347 973 1382 est
1003 1339 1146 1380 simile
1177 1336 1403 1386 accidenti,
1431 1343 1478 1377 ut
1500 1336 1620 1390 prius

79 1413 247 1454 dictum
284 1420 362 1465 est,
401 1420 446 1454 et
483 1412 618 1454 habet
652 1425 747 1453 esse
784 1423 871 1452 non
906 1409 1173 1459 absolutum,
1210 1414 1276 1448 set
1313 1412 1618 1460 comparatum

80 1483 137 1524 ad
159 1482 290 1533 aliud,
317 1482 541 1523 mediante
562 1488 710 1523 tamen
734 1479 942 1535 singulari
965 1479 1148 1520 sentitur
1170 1475 1411 1518 universale
1440 1475 1619 1528 quando

81 1550 216 1594 fertur
248 1565 400 1593 sensus
435 1565 567 1606 super
603 1550 834 1605 singulare,
874 1556 940 1590 est
976 1550 1019 1589 in
1055 1547 1266 1601 singulari
1303 1547 1433 1599 igitur
1466 1551 1622 1585 natura

79 1621 311 1677 singularis
328 1628 372 1663 et
394 1627 550 1663 natura
571 1619 838 1670 universalis,
856 1625 922 1660 set
938 1619 1040 1672 quia
1056 1615 1297 1658 universale
1314 1622 1379 1656 est
1396 1614 1467 1667 obj
1475 1620 1620 1655 ectum

79 1691 328 1733 intellectus
349 1704 427 1746 per
447 1690 815 1742 antonomasiam,
831 1695 874 1730 et
896 1687 1116 1742 singulare
1137 1692 1203 1727 est
1225 1686 1449 1739 objectum
1467 1695 1620 1724 sensus

77 1761 330 1816 principale,
359 1762 461 1802 ideo
488 1761 596 1802 dicit
625 1759 805 1801 Boetius
834 1759 953 1812 quod
981 1756 1224 1798 universale
1247 1762 1312 1796 est
1333 1756 1438 1795 dum
1462 1751 1618 1793 intelli-

78 1830 197 1884 gitur
224 1831 281 1872 de
312 1845 358 1872 re
383 1837 511 1872 extra
543 1837 587 1871 et
617 1829 836 1884 singulare
862 1828 982 1882 quod
1013 1826 1208 1876 sentitur,
1231 1832 1273 1866 et
1305 1824 1387 1865 hoc
1418 1830 1484 1864 est
1514 1834 1618 1863 con-

81 1900 326 1942 cedendurn
350 1914 429 1954 per
449 1899 817 1950 antonomasiam,
841 1905 889 1938 ut
911 1897 1167 1951 expositum
1190 1901 1267 1936 est.

137 1969 360 2024 Quicquid
397 1984 501 2011 vero
539 1969 767 2010 Avicenna
814 1967 919 2008 dicit
962 1967 1095 2007 habet
1131 1964 1297 2019 exponi
1339 1976 1417 2016 per
1461 1961 1618 2003 modos

77 2040 233 2091 dictos,
270 2040 373 2093 quia
406 2039 539 2080 verba
580 2051 660 2079 sua
701 2043 803 2079 sunt
839 2037 995 2078 eadem
1033 2048 1132 2076 cum
1174 2034 1267 2075 istis
1307 2032 1311 2087 Ι
1352 2032 1617 2074 auctoribus.

81 2109 160 2152 Set
188 2110 292 2163 quia
320 2109 484 2150 multos
517 2121 741 2149 sermones
773 2113 816 2148 et
850 2106 1004 2160 longos
1037 2096 1141 2146 facit
1173 2105 1228 2145 de
1256 2103 1339 2144 ista
1368 2102 1549 2144 materia
1575 2102 1618 2142 in

78 2179 401 2233 Metkaplzz'sz'ca
434 2185 477 2219 et
502 2178 545 2218 in
567 2176 854 2231 Logicalzbus,
876 2177 975 2217 ideo
997 2174 1373 2229 supersedendum
1400 2179 1466 2214 est
1492 2185 1618 2219 nunc,

79 2250 219 2293 donec
252 2249 358 2290 fiant
392 2247 571 2302 Scripta
602 2246 887 2300 Prz‘nczpalz'a.
959 2246 1079 2286 Nam
1110 2244 1165 2286 ad
1199 2243 1346 2284 omnia
1377 2243 1510 2283 verba
1540 2255 1618 2282 sua

79 2326 227 2373 potest
250 2318 516 2372 responderi,
543 2316 663 2358 salva
684 2317 882 2365 veritate,
906 2321 949 2356 et
972 2315 1065 2369 jam
1089 2320 1203 2354 tacte
1225 2318 1324 2353 sunt
1347 2312 1513 2352 radices
1537 2310 1617 2352 sol-

78 2389 209 2430 vendi
231 2388 379 2429 omnia
405 2401 490 2441 que
511 2387 628 2436 dicit,
647 2392 690 2426 et
712 2385 899 2439 exposui
922 2385 1040 2425 dicta
1061 2396 1140 2424 sua
1162 2383 1205 2422 in
1227 2380 1321 2423 aliis
1342 2381 1618 2434 temporibus

80 2458 321 2509 retroactis,
348 2463 391 2499 et
422 2457 594 2497 ostendi
626 2455 745 2509 quod
780 2468 867 2495 non
899 2461 966 2496 est
998 2453 1078 2494 nisi
1111 2451 1346 2493 difficultas
1377 2456 1420 2492 et
1447 2449 1619 2492 malicia

78 2528 390 2575 translacionis.

138 2596 334 2651 Quidam
365 2603 514 2638 autern
546 2594 745 2649 Sophiste
775 2593 929 2635 volunt
961 2593 1191 2634 ostendere
1223 2590 1342 2644 quod
1376 2589 1617 2631 universale

79 2667 210 2718 nichil
233 2674 300 2708 est
321 2679 400 2706 nec
423 2666 466 2705 in
488 2665 635 2706 anima
657 2676 735 2706 nec
757 2664 801 2703 in
823 2663 962 2714 rebus,
985 2668 1028 2703 et
1050 2661 1277 2702 confidunt
1300 2661 1342 2700 in
1365 2659 1616 2713 hujusmodi

79 2735 285 2787 fantasiis,
312 2735 489 2784 scilicet,
511 2734 630 2788 quod
662 2733 869 2787 quicquid
896 2737 963 2772 est
993 2732 1036 2772 in
1064 2730 1270 2784 singulari
1297 2735 1363 2771 est
1389 2729 1617 2783 singulare,

79 2806 183 2858 quia
213 2813 449 2859 postquam
482 2803 701 2857 singulare
733 2801 979 2855 subjectum
1012 2807 1105 2850 est3
1149 2807 1252 2841 tunc
1290 2812 1378 2839 non
1414 2800 1494 2840 erit
1538 2800 1616 2840 nisi

1639 2042 1760 2074 29a1.
