1934 3152
9 811 48 834 10

812 79 862 122 17

67 174 274 228 colorato,
295 179 471 231 quando
496 181 651 223 transit
680 196 757 237 per
779 197 830 226 ea
852 183 976 227 sortis
1005 187 1152 230 radius
1173 189 1337 243 solaris,
1362 192 1533 234 videtur
1557 195 1600 236 in

68 258 208 298 opaco
224 260 250 287 a
271 246 405 289 latere
427 250 533 290 radii
551 253 826 295 transeuntis.
874 253 954 296 Set
975 262 1093 298 tactu
1111 259 1378 313 percipimus
1395 263 1600 304 virtutem

67 313 196 355 calidi
237 322 281 357 et
317 324 562 360 ceterorum
604 322 896 376 tangibilium,
937 331 980 367 et
1019 340 1099 379 per
1140 328 1347 370 olfactum
1388 332 1602 373 sentimus

67 383 254 435 speciem
277 386 436 437 odoris,
457 394 501 428 et
521 403 599 443 per
619 397 798 444 gustum
822 395 1004 448 saporis,
1027 402 1071 437 et
1093 410 1170 450 per
1191 399 1392 440 auditum
1409 401 1601 454 speciem

67 452 174 503 soni,
201 459 244 494 et
273 468 350 508 per
380 457 672 500 estimativam
705 461 911 504 virtutem
943 466 1155 508 sentimus
1183 469 1375 521 speciem
1397 469 1601 512 substan-

69 521 231 562 ciarum
261 526 554 578 corporalium
589 530 739 571 utilem
769 533 837 573 vel
869 535 1081 583 nocivam,
1104 543 1152 578 ut
1184 538 1275 579 ovis
1298 541 1524 592 cognoscit
1546 541 1603 581 de

67 590 153 632 alia
184 606 265 633 ove
297 596 416 646 quod
448 597 503 637 sit
530 599 672 640 amica
704 600 755 651 ei,
778 608 822 642 et
843 603 900 644 de
923 603 1026 658 lupo
1048 605 1166 659 quod
1188 607 1247 649 sit
1268 607 1480 651 inimicus.
1543 611 1604 651 Et

68 651 230 703 hoc'fit
261 677 339 717 per
368 666 575 709 virtutem
609 670 753 712 anime
793 686 878 726 que
914 674 1163 716 estimativa
1194 684 1386 729 vocatur,
1418 693 1506 732 que
1536 686 1604 721 est

69 731 111 770 in
144 738 269 784 parte
300 736 531 787 posteriori
569 739 742 791 cerebri,
775 743 1015 784 secundum
1047 744 1321 788 Avicennam
1355 748 1500 801 primo
1533 749 1603 790 De

68 799 248 842 Anima.
312 804 371 844 Et
392 804 471 847 hec
493 808 659 860 species
681 817 746 851 est
768 811 1009 853 similitudo
1024 814 1163 855 tocius
1180 818 1413 871 compositi
1430 819 1602 873 agentis

67 883 154 911 non
175 871 317 913 solum
341 874 481 917 forme
502 891 590 928 sue,
612 880 687 920 sed
712 882 903 930 materie,
926 883 1027 936 quia
1057 883 1322 927 Aristoteles
1343 887 1437 929 vult
1458 890 1602 942 primo

69 939 139 981 De
179 941 350 983 Anima
385 946 504 997 quod
540 949 681 990 omnis
718 950 839 992 accio
876 951 1061 994 debetur
1096 955 1395 1009 principaliter
1436 959 1520 999 toti
1558 965 1603 1001 et

68 1012 324 1053 secundario
346 1012 497 1065 forme,
520 1018 635 1058 unde
658 1020 797 1073 magis
829 1023 1004 1075 proprie
1030 1023 1188 1064 dicitur
1215 1026 1335 1078 quod
1369 1026 1481 1080 ignis
1510 1029 1602 1082 agit

65 1081 258 1132 speciem
296 1089 339 1123 et
377 1083 580 1126 effectum
619 1101 697 1141 per
734 1089 918 1132 formam
960 1105 1097 1143 suam,
1139 1093 1250 1135 sicut
1286 1095 1446 1137 artifex
1484 1104 1604 1140 secat

26 1159 41 1188 5
66 1162 144 1202 per
164 1151 364 1202 securim,
381 1167 514 1207 quam
537 1157 656 1209 quod
680 1158 820 1201 forma
841 1160 953 1214 ignis
973 1167 1090 1215 agat.
1139 1162 1257 1203 Nam
1282 1163 1422 1205 forma
1449 1172 1515 1207 est
1538 1166 1601 1207 in-

64 1225 358 1262 strumentum
388 1225 569 1277 agentis,
591 1227 702 1268 sicut
728 1230 889 1271 securis
918 1231 1053 1285 ipsius
1074 1230 1261 1282 artificis,
1285 1239 1328 1274 et
1351 1235 1603 1277 substancia

64 1288 167 1331 facit
201 1291 390 1344 speciem
429 1295 540 1336 sicut
573 1298 787 1346 accidens
822 1299 925 1353 quia
955 1301 1066 1342 sicut
1101 1302 1304 1344 accidens
1335 1317 1423 1344 non
1454 1312 1604 1359 potest

67 1372 161 1400 esse
203 1361 295 1403 sine
335 1363 598 1416 substancia,
640 1367 701 1409 sic
742 1382 819 1410 nec
856 1370 1023 1424 species
1061 1371 1299 1413 accidentis
1331 1375 1423 1414 sine
1459 1376 1604 1429 specie

63 1429 324 1474 substancie.
382 1434 491 1475 Cum
510 1437 625 1478 enim
652 1438 768 1479 calor
790 1439 902 1493 ignis
924 1441 1096 1494 agentis
1118 1441 1161 1482 in
1183 1455 1328 1483 aerem
1350 1443 1419 1484 vel
1441 1459 1602 1498 aquam

67 1499 134 1539 vel
167 1499 333 1555 lignum
359 1503 427 1544 vel
456 1504 633 1559 aliquod
659 1508 780 1550 aliud
810 1509 914 1550 facit
945 1511 1136 1564 speciem
1166 1511 1335 1565 caloris,
1359 1513 1419 1554 sic
1445 1521 1602 1556 natura

63 1570 155 1623 ejus
196 1572 500 1615 substancialis
542 1576 644 1618 facit
689 1580 881 1633 speciem
923 1595 1000 1622 sue
1041 1582 1303 1632 substancie,
1335 1597 1421 1636 que
1457 1585 1601 1638 primo

61 1646 239 1682 vocatur
269 1644 434 1695 species
465 1647 572 1687 dum
604 1655 669 1689 est
702 1649 978 1704 incompleta,
1001 1657 1045 1692 et
1077 1659 1232 1705 postea
1258 1652 1307 1694 fit
1336 1653 1448 1707 ignis
1480 1669 1599 1696 com-

64 1707 220 1762 pletus,
250 1712 427 1766 scilicet,
458 1715 590 1758 carbo
622 1724 665 1758 et
697 1718 890 1762 flamma.
954 1720 1100 1763 Aliter
1132 1722 1248 1762 enim
1282 1736 1369 1764 non
1400 1723 1524 1766 fieret
1556 1726 1599 1766 in

64 1780 230 1821 mundo
261 1781 340 1822 nisi
361 1784 576 1836 accidens,
599 1788 702 1840 quia
729 1789 999 1842 impossibile
1030 1798 1109 1839 est,
1139 1792 1258 1845 quod
1281 1792 1399 1834 calor
1420 1802 1598 1847 generet

26 1880 35 1888 r
68 1855 268 1890 naturam
302 1852 635 1896 substantialem
660 1857 783 1910 ignis,
806 1860 908 1912 quia
935 1874 1146 1913 generans
1169 1867 1233 1902 est
1257 1862 1444 1904 nobilius
1466 1877 1596 1917 gene-

63 1924 158 1959 rato
186 1917 190 1972 Ι
219 1920 288 1960 vel
320 1935 431 1976 eque
463 1925 623 1975 nobile,
646 1932 712 1968 set
744 1941 875 1970 omne
906 1930 1105 1971 accidens
1139 1930 1272 1972 distat
1305 1932 1348 1971 in
1380 1932 1596 1975 infinitum

64 2000 89 2027 a
121 1988 350 2032 nobilitate
377 1993 641 2047 substancie,
666 2003 708 2037 et
739 1997 839 2038 ideo
867 1999 1010 2052 primo
1041 2007 1197 2041 natura
1224 2000 1274 2042 fit
1302 2003 1470 2056 species
1499 2004 1601 2045 sub·

65 2059 242 2108 stancie‚
280 2066 322 2101 et
364 2065 620 2106 secundario
662 2067 830 2120 species
871 2070 1125 2120 accidentis,
1169 2084 1246 2111 nec
1288 2078 1434 2125 potest
1473 2073 1602 2115 aliter

62 2141 167 2179 esse,
188 2129 298 2171 sicut
320 2131 364 2172 in
387 2132 718 2188 Methaphisicis
740 2136 1052 2190 demonstravi,
1075 2146 1119 2180 et
1148 2153 1215 2181 res
1245 2140 1474 2194 singularis
1496 2141 1600 2185 facit

104 2250 364 2292 9⁴Avicenna]
389 2251 427 2282 de
448 2253 591 2293 Anima,
619 2265 652 2294 p.
680 2265 707 2295 1,
734 2266 762 2287 c.
790 2266 809 2295 5
836 2257 905 2288 ‘vis
930 2258 1129 2289 extimativa
1151 2269 1216 2298 que
1240 2264 1292 2291 est
1315 2259 1368 2290 vis
1392 2261 1545 2293 ordinata
1566 2264 1600 2294 in

64 2311 199 2332 summo
216 2303 327 2334 medie
347 2306 568 2337 concavitatis
585 2307 724 2349 cerebri,
745 2310 1011 2349 apprehendens
1032 2309 1245 2342 intentiones
1266 2322 1336 2343 non
1359 2318 1516 2345 sensatas
1535 2326 1601 2355 que

62 2359 141 2385 sunt
165 2354 198 2385 in
222 2355 367 2395 singulis
391 2359 621 2399 sensibilibus,
640 2362 725 2392 sicut
749 2362 804 2393 vis
828 2373 894 2402 que
919 2367 970 2394 est
995 2363 1029 2394 in
1051 2374 1114 2394 ove
1138 2364 1336 2403 dijudicans,
1355 2367 1444 2405 quod
1471 2367 1511 2398 ab
1535 2368 1600 2399 hoc

63 2406 142 2446 lupo
159 2413 213 2439 est
234 2408 435 2448 fugiendum
454 2418 487 2443 et
511 2414 599 2453 quod
623 2414 723 2453 hujus
740 2415 819 2453 agni
838 2420 890 2446 est
908 2416 1162 2458 miserendum‚’
1182 2417 1203 2449 f.
1224 2427 1254 2457 5,
1276 2418 1329 2449 ed.
1346 2418 1488 2458 Venice,
1506 2422 1601 2460 1508.

65 2459 95 2490 lt
118 2459 147 2491 is
168 2460 228 2491 the
244 2462 294 2492 vis
317 2465 524 2496 memorialis
545 2466 659 2497 which
679 2466 708 2497 is
727 2467 784 2498 ‘in
807 2469 991 2508 posteriori
1016 2470 1225 2501 concavitate
1248 2470 1379 2501 cerebri
1395 2471 1402 2484 ’
1419 2472 1602 2513 according

5 2530 9 2533 ⁴
63 2518 98 2543 to
115 2512 301 2558 Avicenna.
481 2528 585 2548 11-12
609 2521 730 2556 primo
748 2522 793 2551 de
810 2520 965 2563 Anima]
983 2522 1187 2562 apparently
1203 2523 1259 2555 lib.
1279 2523 1311 2564 ii,
1331 2534 1358 2555 c.
1377 2533 1430 2563 24.

110 2627 123 2648 1
143 2619 202 2661 ea]
219 2630 293 2650 eam
309 2621 344 2651 F
407 2633 426 2661 4
445 2627 499 2663 pr.
520 2622 687 2664 speciem]
705 2625 840 2665 species
853 2625 940 2659 Mss.
989 2636 1053 2667 4—5
1078 2628 1210 2668 saporis
1227 2653 1234 2660 .
1254 2652 1261 2660 .
1281 2651 1289 2660 .
1306 2628 1468 2661 virtutem
1486 2640 1553 2662 om.
1571 2631 1606 2662 F

63 2680 83 2709 9
108 2672 306 2714 posteriori]
327 2675 515 2713 posteriore
533 2676 567 2706 F
643 2687 682 2708 10
707 2677 815 2709 tocius
833 2688 898 2710 om,
914 2679 948 2709 D
1026 2689 1064 2719 13
1089 2681 1211 2712 dicitur
1227 2691 1292 2712 om.
1313 2681 1348 2711 D
1423 2692 1462 2722 14
1486 2684 1599 2725 suam]

64 2733 158 2754 Suam
177 2724 300 2756 factam
317 2725 353 2756 D
452 2728 491 2758 16
516 2728 638 2770 ipsius]
656 2735 708 2760 est
726 2730 987 2763 instrumentum
1005 2732 1110 2772 ipsius
1128 2733 1162 2763 D
1275 2744 1312 2773 17
1337 2735 1425 2766 sicut
1441 2735 1602 2769 accidens

62 2785 127 2809 om.
146 2776 183 2807 D
360 2789 400 2819 27
425 2780 561 2823 natura]
578 2782 800 2823 multiplicata
817 2782 860 2813 M
995 2795 1039 2825 29
1061 2785 1146 2818 sicut
1163 2785 1213 2828 in]
1231 2785 1319 2818 sicut
1335 2798 1426 2819 enim
1442 2787 1476 2818 D

98 2855 233 2876 -n.u.u
815 2848 842 2880 C

1620 1943 1725 1984 5b1.
