1934 3152
137 1684 260 1718 26:22.

1037 85 1091 139 96

275 207 457 257 propter
489 201 570 243 hec
604 207 670 243 est
702 207 861 243 natura
893 200 1080 256 regitiva
1111 200 1339 251 individui,
1362 206 1406 242 et
1429 200 1529 241 ideo
1552 199 1830 259 individuum

275 285 375 313 cum
393 272 448 314 sit
465 271 584 327 prius
606 272 726 326 apud
744 285 843 313 eam
861 272 1105 313 secundum
1124 271 1434 326 operacionem
1456 277 1502 312 et
1519 269 1830 320 intencionem,

275 347 452 397 oportet
472 343 595 396 quod
615 341 875 395 simpliciter
896 347 939 382 et
961 341 1165 383 absolute
1192 340 1463 389 diffiniendo,
1489 340 1689 382 dicamus
1710 340 1831 394 quod

275 412 553 454 individuum
586 419 654 454 est
685 412 806 466 prius
838 424 918 453 suo
951 410 1182 452 universali
1213 411 1455 453 secundum
1491 416 1706 452 naturam.
1770 410 1832 452 Et

275 483 359 525 hoc
396 483 535 524 eciam
570 488 697 537 patet
733 480 967 523 manifeste
1000 495 1080 536 per
1111 481 1197 523 hoc
1233 482 1354 536 quod
1388 482 1554 524 dictum
1592 487 1673 532 est,
1711 481 1868 535 quod5

277 553 552 595 individuum
586 558 652 593 est
684 558 843 593 natura
873 550 1080 593 absoluta
1115 557 1160 592 et
1197 551 1290 592 fixa
1327 551 1496 593 habens
1533 564 1626 592 esse
1663 564 1742 605 per
1773 565 1831 602 se,

277 631 321 666 et
363 622 608 664 universale
649 635 738 663 non
781 628 847 663 est
890 621 972 663 nisi
1015 621 1329 664 conveniencia
1370 621 1585 663 individui
1628 628 1829 675 respectu

275 693 464 744 alterius,
496 699 563 735 set
595 693 714 747 prius
748 698 814 734 est
844 691 1100 734 absolutum
1133 705 1268 746 quam
1304 698 1624 746 comparatum,
1656 697 1700 733 et
1731 691 1832 732 sub-

275 763 495 812 sternitur,
530 776 636 817 ergo
670 762 792 817 prius
829 767 895 803 est
932 761 1209 802 individuum
1242 775 1376 815 quam
1411 775 1539 803 suum
1575 759 1830 803 universale.

278 834 393 874 Item
429 832 663 874 Avicenna
699 832 819 880 dicit,
859 835 904 874 20
944 830 1278 886 Methaplzz’sz'ce,
1319 831 1440 885 quod
1484 830 1722 873 consimilis
1745 837 1831 890 ⁴est
1853 849 1894 872 10

277 904 557 958 comparacio
579 901 835 944 universalis
856 902 914 943 ad
937 902 1208 956 particulare,
1233 902 1346 944 sicut
1378 901 1618 943 accidentis
1650 901 1707 943 ad
1729 902 1830 943 sub-

273 974 444 1027 jectum
477 979 544 1015 set
574 972 746 1014 forcior.
816 973 936 1014 Nam
959 972 1073 1013 sicut
1096 972 1301 1014 accidens
1325 977 1390 1014 θεῖ
1419 977 1567 1027 preter
1588 971 1830 1014 essenciam

276 1043 464 1099 subjecti
502 1049 547 1085 et
583 1056 672 1085 non
709 1043 787 1084 dat
830 1042 868 1083 ei
909 1055 1016 1091 esse,
1050 1042 1112 1083 sic
1149 1048 1216 1084 est
1254 1042 1311 1084 de
1352 1041 1588 1083 universali
1630 1047 1831 1096 respectu

277 1113 521 1168 singulariS‚
571 1112 783 1166 quoniam
836 1112 1049 1167 principia
1101 1125 1187 1165 que
1236 1111 1540 1165 ingrediuntur
1589 1111 1830 1153 essenciam

278 1183 493 1225 individui
525 1183 802 1224 constituunt
834 1183 927 1237 ejus
958 1183 1213 1233 essenciam,
1240 1189 1284 1223 et
1313 1181 1560 1223 universale
1585 1194 1712 1223 suum
1743 1193 1831 1223 non
1854 1201 1893 1234 15

279 1254 525 1308 ingreditur
546 1267 660 1306 eam,
684 1259 752 1295 set
777 1258 906 1293 extra
927 1259 1158 1307 comparat
1186 1266 1284 1294 eam
1313 1252 1370 1294 ad
1400 1251 1519 1294 aliud
1544 1251 1833 1303 individuum,

278 1330 549 1379 quapropter
577 1323 689 1365 sicut
714 1323 963 1377 subjectum
993 1329 1059 1363 θεῖ
1087 1324 1206 1377 prius
1232 1329 1390 1364 natura
1418 1321 1677 1377 simpliciter
1697 1333 1832 1376 quam

279 1395 496 1444 accidens,
527 1395 587 1435 sic
621 1392 843 1448 singulare
878 1399 982 1434 ante
1017 1393 1278 1444 universale,
1311 1399 1356 1435 et
1398 1392 1644 1434 secundum
1678 1405 1831 1447 opera-

279 1466 451 1507 cionem
480 1470 525 1505 et
555 1463 797 1505 secundum
830 1463 1141 1504 intencionem.
1208 1463 1267 1505 Et
1293 1463 1394 1504 ideo
1416 1462 1685 1505 Aristoteles
1714 1462 1832 1512 dicit,

278 1536 424 1591 primo
455 1533 785 1589 Metlzaplzz'sz'ce,
823 1533 944 1586 quod
976 1533 1208 1588 generacio
1239 1539 1283 1574 et
1315 1540 1441 1574 actus
1474 1540 1517 1574 et
1549 1532 1832 1587 operaciones
1855 1553 1895 1575 20

279 1612 382 1648 sunt
399 1604 686 1658 singularium
702 1603 846 1658 primo
868 1609 912 1644 et
934 1603 1244 1658 principaliter,
1266 1610 1334 1645 set
1355 1603 1663 1644 universalium
1678 1615 1830 1643 secun-

279 1676 415 1717 dario.
499 1674 573 1715 Ex
603 1672 608 1728 1
634 1674 794 1728 quibus
832 1673 1038 1715 omnibus
1073 1675 1270 1727 sequitur
1310 1673 1366 1714 de
1407 1673 1670 1715 necessitate
1710 1672 1830 1726 quod

278 1745 502 1800 SIngulare
528 1746 587 1787 sit
614 1745 734 1800 prius
759 1744 1001 1786 secundum
1029 1750 1231 1785 naturam
1262 1743 1519 1798 simpliciter
1547 1750 1591 1784 et
1621 1742 1832 1790 absolute,

277 1824 370 1858 tam
394 1816 637 1857 secundum
670 1814 965 1857 intencionem
994 1828 1129 1868 quam
1161 1815 1470 1869 operacionem
1498 1820 1678 1869 propter
1705 1825 1831 1854 suam

277 1887 555 1941 dignitatem.
1855 1901 1893 1933 25

324 2012 576 2067 Capitulum
605 2011 672 2052 8¹¹¹.
735 2010 787 2052 de
807 2011 1069 2065 exposicz'onc
1090 2011 1405 2056 auctoritatum
1429 2011 1474 2051 τίι
1496 2010 1782 2051 contrarium.

337 2105 563 2160 Quoniam
601 2111 749 2145 tamen
787 2109 932 2144 totum
975 2102 1132 2157 vulgus
1169 2110 1236 2144 est
1274 2103 1317 2143 in
1349 2102 1619 2145 contrarium
1651 2108 1832 2156 propter

279 2176 495 2230 quasdam
528 2174 824 2223 auctoritates,
856 2173 956 2215 ideo
988 2173 1256 2227 exponende
1287 2179 1400 2214 sunt.
1464 2173 1523 2214 Et
1552 2172 1698 2226 primo
1729 2172 1832 2226 quia

279 2261 331 2288 ea
381 2259 468 2300 que
508 2245 628 2286 dicte
678 2250 779 2285 sunt
821 2243 1059 2284 fundantur
1107 2256 1238 2297 super
1289 2243 1555 2297 dignitatem
1605 2241 1831 2292 individui,

280 2322 563 2371 exponentur
602 2314 750 2368 aliqua
792 2313 835 2354 in
877 2312 1158 2354 contrarium.
1235 2313 1354 2354 Nam
1398 2311 1830 2366 homines‘imperiti
1853 2318 1895 2349 30

280 2386 467 2427 adorant
489 2384 764 2434 universalia,
795 2389 976 2438 propter
997 2381 1081 2423 hoc
1110 2383 1229 2435 quod
1252 2380 1522 2424 Aristoteles
1552 2382 1660 2423 dicit
1687 2382 1831 2436 primo

280 2454 587 2497 Posteriornm
617 2454 736 2507 quod
766 2452 1011 2495 universale
1039 2458 1105 2492 est
1133 2465 1307 2506 semper
1336 2459 1379 2494 et
1409 2453 1585 2506 ubique,
1609 2450 1831 2505 singulare

281 2532 347 2566 est
375 2524 446 2566 hic
475 2529 520 2565 et
548 2537 675 2574 nunc,
707 2530 751 2564 et
785 2528 829 2565 2⁰
856 2522 924 2563 De
951 2522 1133 2572 Anima,
1164 2522 1270 2563 dicit
1299 2522 1418 2576 quod
1452 2535 1546 2563 esse
1575 2520 1830 2562 universalis

280 2601 346 2635 est
379 2608 474 2635 esse
506 2600 770 2647 perpetuum
800 2598 844 2633 et
876 2593 1087 2642 divinum,
1108 2591 1331 2645 singulare
1362 2597 1428 2633 est
1460 2590 1761 2645 corruptibile,
1786 2597 1829 2631 et

280 2677 367 2705 non
391 2670 541 2705 manet
563 2676 748 2717 semper.
812 2661 892 2704 Set
914 2661 994 2704 hec
1018 2667 1061 2702 et
1090 2661 1346 2715 hujusmodi
1369 2660 1598 2703 solvuntur
1627 2659 1828 2701 breviter.
1850 2677 1889 2710 35

278 2733 411 2787 Quod
455 2733 727 2787 perpetuitas
769 2731 1022 2773 universalis
1064 2737 1107 2773 et
1149 2732 1267 2785 quod
1316 2731 1372 2772 sit
1415 2731 1589 2784 ubique,
1631 2743 1720 2772 non
1763 2736 1828 2771 est

436 2831 476 2852 ιο
499 2824 537 2851 2⁰
555 2819 854 2861 Methaphisiee]
873 2830 901 2851 c.
925 2830 952 2852 1.
1110 2829 1152 2859 33
1175 2821 1213 2849 2¹
1230 2821 1285 2850 De
1302 2817 1458 2860 Anima]
1477 2818 1497 2849 1.
1517 2818 1551 2858 ii,
1572 2828 1598 2850 c.
1619 2827 1672 2857 34.
