1934 3152
139 1414 261 1446 13a1.

85 1965 259 2008 F.S9a1.

1035 84 1090 134 48

282 208 465 258 propter
493 201 640 243 radios
669 204 944 242 occurrentes
972 198 1054 238 sibi
1082 196 1293 238 infinicies
1315 210 1373 239 ex
1404 197 1501 253 lege
1527 197 1768 240 incidencie
1790 203 1835 239 et

283 271 534 314 reflexionis
571 271 628 312 ad
663 269 848 324 angulos
889 267 1106 322 obliquos,
1138 268 1250 309 sicut
1291 268 1449 310 accidit
1485 268 1529 308 in
1566 267 1836 323 aere‚'quod

283 348 464 396 propter
495 354 643 382 casum
675 338 928 393 hujusmodi
961 344 1004 379 et
1036 336 1322 379 reflexionem
1357 333 1618 380 intersecant
1649 353 1696 379 se
1728 339 1835 381 radii

283 413 327 455 in
361 411 561 465 quolibet
597 415 760 464 puncto
796 407 1020 458 infinicies‚
1056 414 1101 449 et
1138 407 1188 448 fit
1225 407 1356 449 calor.
1420 408 1541 459 Nam
1575 409 1702 462 pauci
1734 414 1836 450 sunt

282 482 522 523 incidentes
544 478 963 534 perpendiculariter
991 491 1122 532 super
1151 476 1346 530 aliquam
1378 492 1483 527 rem,
1507 480 1610 531 quia
1637 492 1726 520 non
1756 479 1836 520 nisi
1854 490 1874 524 5

282 567 309 594 a
342 558 507 607 puncto
549 563 637 591 uno
680 549 850 604 agentis
892 547 1011 589 cadit
1047 561 1158 589 unus
1195 549 1567 602 perpendicularis
1603 551 1658 591 ad
1697 562 1835 590 unum

283 629 498 678 punctum
521 620 746 674 pacientis,
770 625 815 660 et
837 618 936 660 ideo
959 624 1060 659 sunt
1083 618 1212 672 pauci
1234 617 1400 660 reflexi.
1465 618 1543 661 Set
1565 619 1723 661 infiniti
1746 633 1835 661 non

283 691 666 747 perpendiculares
698 695 864 731 exeunt
896 702 921 729 a
952 688 1152 742 quolibet
1188 695 1354 743 puncto
1387 690 1569 745 agentis,
1602 697 1647 732 et
1680 690 1836 732 infiniti

284 762 435 804 reflexi
457 766 558 802 sunt
580 760 641 801 eis
666 760 995 813 respondentes..
1284 812 1287 814 -

344 831 518 872 Deinde
532 844 610 884 per
625 843 773 871 casum
789 827 1198 883 perpendicularem
1214 834 1389 870 tantum
1405 829 1495 871 duo
1509 831 1605 885 conj
1613 837 1836 888 unguntur

283 903 326 943 in
349 902 508 943 eodem
531 900 629 942 loco
651 900 778 952 aeris,
798 899 973 951 scilicet,
1001 898 1196 940 incidens
1225 905 1269 940 et
1299 898 1490 941 reflexus
1519 901 1612 954 ejus
1638 906 1833 956 compar.

284 972 362 1014 Set
391 986 469 1027 per
489 985 639 1013 casum
663 970 718 1012 ad
745 969 932 1024 angulos
953 969 1171 1022 obliquos,
1194 969 1350 1010 infiniti
1374 969 1615 1012 incidentes
1637 985 1683 1013 se
1705 971 1836 1012 inter-

282 1049 432 1084 secant
465 1041 508 1082 in
541 1040 662 1082 omni
699 1046 864 1094 puncto
909 1040 1032 1090 aeris,
1065 1045 1110 1081 et
1151 1038 1351 1081 similiter
1391 1040 1645 1090 incidentes,
1684 1041 1836 1082 simili-

282 1120 347 1154 ter
380 1117 615 1167 penetrant
646 1110 836 1152 reflexos
869 1123 957 1150 non
994 1110 1075 1151 sibi
1109 1123 1350 1163 compares,
1387 1116 1431 1150 et
1463 1109 1616 1151 reflexi
1648 1110 1837 1153 reflexos

282 1182 505 1226 infinicies.
561 1181 679 1222 Nam
702 1181 758 1222 ad
782 1193 913 1221 omne
936 1185 1151 1234 punctum
1175 1185 1290 1221 terre
1312 1180 1511 1221 incidunt
1533 1180 1643 1222 radii
1665 1179 1836 1232 infiniti,

283 1260 327 1295 et
349 1253 407 1294 ab
437 1253 596 1294 eodem
626 1250 923 1302 reflectuntur,
946 1257 990 1292 et
1019 1251 1120 1293 ideo
1149 1250 1306 1294 sorcior
1334 1253 1539 1305 operacio
1562 1252 1752 1293 nascitur
1776 1253 1836 1294 sic

281 1337 360 1378 per
387 1323 589 1365 accidens
618 1337 676 1364 ex
706 1320 999 1362 incidentibus
1032 1328 1075 1362 et
1108 1321 1282 1363 reflexis
1315 1322 1372 1362 ad
1403 1322 1590 1377 angulos
1619 1321 1836 1376 obliquos,

282 1408 416 1448 quam
439 1394 495 1435 ad
519 1399 674 1434 rectos.
739 1392 799 1432 Et
821 1391 881 1432 sic
908 1392 1054 1444 potest
1072 1391 1226 1446 juvare
1252 1389 1258 1442 l
1288 1399 1492 1433 naturam
1516 1393 1560 1432 in
1580 1393 1836 1434 fortitudine

281 1464 498 1514 accionis3
529 1476 632 1504 nam
656 1463 716 1504 sic
734 1468 883 1516 potest
905 1460 1083 1515 figurari
1105 1461 1345 1516 speculum,
1367 1468 1415 1503 ut
1443 1462 1520 1504 fiat
1543 1463 1835 1517 congregacio

279 1535 493 1576 virtutum
527 1542 689 1587 magna
720 1546 799 1587 per
823 1531 999 1586 specula
1031 1545 1238 1582 concava,
1268 1538 1312 1573 et
1343 1532 1540 1574 maxime
1569 1546 1648 1587 per
1678 1531 1833 1584 ovalia‚

280 1605 393 1646 sicut
424 1610 593 1646 tactum
617 1609 696 1643 est.
760 1601 841 1644 Set
865 1601 1004 1643 virtus
1033 1602 1300 1657 principalis,
1330 1602 1510 1654 scilicet,
1538 1609 1671 1654 recta,
1695 1603 1835 1646 fracta

282 1681 325 1716 et
353 1673 520 1716 reflexa
547 1679 615 1714 est
643 1671 805 1713 forcior
835 1671 1111 1720 accidentali,
1142 1673 1245 1726 quia
1278 1685 1366 1713 non
1396 1672 1517 1718 venit
1546 1673 1748 1714 accidens
1777 1673 1834 1714 ab

281 1749 456 1799 agente,
488 1742 566 1784 sed
599 1756 626 1784 a
657 1741 801 1796 specie
835 1742 1021 1795 agentiS,
1055 1748 1099 1783 et
1137 1748 1202 1783 est
1239 1742 1405 1796 species
1441 1742 1616 1796 speciei,
1653 1748 1835 1797 propter

281 1814 402 1868 quod
425 1813 614 1856 debilior
636 1819 714 1854 est.

341 1884 402 1925 Et
439 1897 538 1925 cum
577 1884 771 1938 piramis,
811 1889 861 1925 ut
897 1883 1063 1924 dictum
1104 1888 1185 1933 est,
1222 1882 1465 1935 requiratur
1506 1883 1563 1923 ad
1607 1882 1832 1924 accionem

281 1960 448 2007 nature,
490 1954 857 1996 considerandum
895 1960 962 1995 est
1002 1952 1123 2006 quod
1162 1965 1298 1994 conus
1327 1951 1331 2005 Ι
1360 1942 1570 2009 brevioris
1607 1952 1833 2007 piramidis

280 2024 442 2065 forcius
473 2030 681 2079 operatur
712 2029 809 2064 tum
841 2023 945 2077 quia
978 2022 1119 2063 minus
1151 2022 1287 2070 distat
1318 2022 1376 2063 ab
1407 2029 1580 2076 agente,
1602 2029 1698 2063 tum
1730 2022 1834 2076 quia

281 2094 389 2136 radii
432 2092 771 2136 conterminales
812 2093 925 2134 circa
966 2105 1126 2134 conum
1164 2092 1394 2146 piramidis
1437 2092 1649 2134 brevioris
1691 2092 1832 2146 magis

279 2164 538 2214 vicinantur,
556 2170 601 2205 et
621 2163 781 2204 vicinia
803 2163 1028 2204 radiorum
1051 2175 1101 2203 ac
1125 2163 1415 2217 congregacio
1434 2162 1593 2204 sorcius
1615 2169 1832 2217 operatur,

1859 840 1934 864 10.

1858 1190 1896 1225 ¹5

1857 1540 1898 1564 20

1857 1889 1896 1922 25

282 2238 326 2273 et
360 2231 444 2273 hoc
477 2237 601 2286 patet
639 2231 682 2271 in
720 2230 873 2284 figura.
935 2230 1054 2271 Nam
1088 2244 1166 2284 per
1204 2236 1303 2285 13αιῌ
1338 2230 1468 2284 primi
1500 2230 1832 2272 Elementorum
1852 2237 1894 2271 30

282 2301 495 2353 Euclidis‚
516 2314 670 2342 omnes
692 2300 840 2355 anguli
869 2300 982 2341 circa
1011 2307 1224 2355 punctum
1252 2313 1387 2341 unum
1417 2301 1460 2341 in
1482 2300 1714 2355 superficie
1743 2313 1831 2341 non

280 2370 430 2412 valent
452 2371 534 2412 nisi
556 2383 585 2421 4
605 2369 793 2424 angulos
815 2377 957 2412 rectos
976 2383 985 2420 ;
1009 2383 1114 2424 ergo
1136 2377 1327 2424 quatuor
1349 2370 1498 2425 anguli
1521 2371 1640 2425 apud
1668 2383 1829 2413 conum

282 2441 527 2495 pyramidis
574 2440 780 2482 brevioris
831 2440 979 2481 valent
1031 2440 1220 2494 reliquos
1269 2447 1459 2494 quatuor
1507 2441 1623 2495 apud
1669 2453 1830 2481 conum

328 2559 348 2580 2
373 2549 407 2580 in
424 2559 504 2581 aere
521 2559 586 2581 om.
608 2549 642 2579 D
893 2558 913 2588 3
937 2548 1131 2589 hujusmodi
1150 2553 1185 2580 et
1203 2548 1443 2590 reflexionem]
1462 2548 1562 2588 hujus
1580 2548 1779 2580 ressexionis
1796 2549 1832 2579 D

285 2612 302 2641 7
326 2606 406 2633 sunt
423 2613 488 2634 om.
508 2602 543 2632 D
706 2612 728 2641 9
752 2601 1022 2643 respondentes]
1040 2601 1352 2641 correspondentes
1368 2601 1403 2631 D
1572 2611 1612 2632 10
1636 2611 1698 2641 per
1715 2612 1830 2633 casum

284 2665 349 2685 om.
368 2654 403 2683 D
569 2664 608 2685 12
632 2653 763 2695 casum]
782 2645 880 2685 casus
898 2654 933 2684 D
1102 2663 1141 2693 15
1169 2653 1277 2695 terre]
1295 2658 1390 2685 terre
1407 2658 1444 2685 ut
1460 2652 1494 2684 F
1608 2654 1692 2685 radii
1710 2665 1776 2686 om.
1795 2654 1831 2685 D

288 2717 325 2746 17
350 2707 391 2737 ad
408 2717 475 2740 om.
494 2707 527 2738 F
666 2707 706 2737 18
730 2707 774 2737 ad
791 2717 856 2737 om.
875 2706 911 2736 D
1054 2716 1096 2736 20
1119 2706 1298 2747 virtutum]
1316 2706 1452 2738 virtutis
1470 2706 1502 2737 F
1640 2717 1679 2738 21
1708 2706 1829 2749 fracta]

284 2758 407 2789 fraccio
423 2758 458 2788 D
583 2769 626 2800 25
650 2758 702 2800 ut]
721 2764 757 2789 ut
775 2769 850 2789 cum
868 2759 902 2789 D
1029 2759 1239 2801 requiratur]
1258 2759 1451 2799 requiretur
1468 2760 1502 2790 D
1623 2771 1665 2799 29
1688 2760 1829 2802 vicinia]

283 2812 394 2843 vicina
410 2811 445 2841 D
534 2822 574 2851 31
601 2822 705 2842 unum
722 2822 788 2843 om.
809 2811 843 2841 D
941 2821 983 2851 32
1006 2811 1154 2851 angulos
1170 2823 1236 2844 om.
1253 2812 1317 2843 FD
1414 2823 1456 2853 33
1481 2824 1603 2845 conum
1621 2824 1686 2846 om.
1708 2813 1741 2843 D
