1934 3152
827 149 878 190 27

82 250 276 292 medium
313 251 391 293 celi
428 266 454 293 a
490 251 719 306 superficie
754 267 892 306 usque
926 254 982 295 ad
1023 266 1184 307 aquam
1224 250 1230 306 1
1268 253 1383 295 sicut
1416 259 1539 308 patet
1576 254 1693 295 in8a
1715 273 1740 293 1.

81 320 390 371 instrumentis,
412 328 455 362 et
487 322 586 363 ideo
610 322 883 364 concluditur
914 338 972 365 ex
994 324 1091 373 hoc,
1118 324 1238 377 quod
1266 330 1343 364 aut
1371 323 1619 378 superficies

79 390 191 431 aeris
227 397 270 431 et
307 391 421 445 ignis
457 397 522 432 est
556 405 652 442 una,
689 399 765 433 aut
800 393 953 434 raritas
988 399 1054 434 est
1085 393 1321 435 consimilis
1352 394 1395 434 in
1428 393 1620 434 confinio

79 474 245 510 eorum,
277 466 325 501 ut
356 460 515 502 fraccio
542 475 628 502 non
661 462 952 516 impediatur:
986 469 1052 504 set
1085 476 1172 504 non
1205 468 1350 516 potest
1381 463 1465 505 dici
1497 465 1618 517 quod

41 548 59 579 5
79 528 328 582 superficies
349 536 416 571 est
438 543 536 579 una,
560 530 661 573 licet
683 531 766 572 hoc
790 532 914 573 multi
944 532 1269 580 estimaverunt,
1293 538 1340 573 ut
1362 532 1620 587 probabitur

77 599 255 646 inferius
278 599 321 639 in
341 599 648 642 Naturalibus.
712 601 771 642 Et
798 601 895 643 ideo
921 615 1135 655 ponemus
1161 602 1280 655 quod
1304 602 1540 643 consimilis
1561 603 1619 644 sit

80 667 232 709 raritas
254 668 298 709 in
320 668 509 711 confinio
531 684 695 720 eorum,
725 671 827 723 quia
848 685 922 712 aer
942 671 1160 724 gradatim
1190 671 1440 713 subtiliatur
1461 685 1620 725 usque-

78 751 165 790 quo
203 752 303 791 pars
342 738 437 792 ejus
463 753 700 794 supprema
725 747 908 794 equetur
935 741 978 781 in
1008 741 1250 782 subtilitate
1279 742 1395 795 parti
1427 741 1618 783 inferiori

78 807 202 860 ignis,
243 808 352 850 sicut
394 809 547 850 volunt
590 811 773 863 predicti
810 817 1022 853 auctores.
1086 811 1145 852 Et
1186 812 1295 865 ignis
1336 812 1550 866 gradatim
1593 827 1618 854 a

23 893 59 915 ιο
77 877 290 930 superiori
311 885 437 932 parte
459 879 667 921 densatur
687 894 916 934 usquequo
938 881 980 921 in
1004 880 1154 921 infima
1171 881 1264 935 ejus
1286 888 1411 935 parte
1433 887 1618 934 equetur

77 946 283 988 densitati
311 962 548 1002 suppreme
569 950 704 1004 partis
732 952 854 1000 aeris,
884 956 927 992 et
956 951 1054 992 ideo
1077 965 1164 993 non
1195 959 1260 992 est
1285 951 1433 1004 aliqua
1460 951 1618 993 fraccio

73 1015 118 1055 in
139 1015 368 1069 superficie
387 1018 509 1061 aeris.

136 1086 243 1127 Tria
280 1087 396 1129 enim
438 1089 716 1143 requiruntur
756 1091 811 1132 ad
849 1090 1120 1141 fraccionem‚
1160 1092 1340 1143 scilicet,
1378 1092 1616 1146 corporalis

78 1155 321 1208 superficiei
355 1157 597 1209 diversitas,
628 1160 714 1202 hoc
753 1167 819 1201 est
852 1162 972 1214 quod
1005 1161 1091 1203 sint
1119 1162 1290 1203 diversa
1325 1175 1509 1216 corpora
1539 1176 1616 1216 per

23 1246 56 1277 15
79 1238 165 1277 que
199 1226 352 1268 transit
387 1228 544 1280 radius,
579 1236 622 1270 et
660 1230 889 1272 diversitas
931 1244 1065 1285 penes
1101 1232 1237 1272 rarius
1274 1237 1318 1272 et
1350 1232 1536 1281 densius,
1571 1239 1616 1273 et

77 1308 202 1335 casus
242 1297 403 1349 speciei
444 1298 500 1338 ad
541 1299 726 1353 angulos
776 1300 991 1354 obliquos,
1074 1300 1379 1354 Quodcunque
1430 1301 1613 1343 istorum

78 1363 265 1412 deficiat,
299 1378 387 1406 non
423 1373 490 1408 est
525 1367 699 1410 fraccio.
762 1369 894 1410 Unde
935 1370 978 1410 in
1015 1371 1151 1423 speris
1192 1369 1383 1411 celorum
1425 1384 1512 1412 non
1548 1378 1616 1412 est

78 1434 305 1475 diversitas
327 1449 460 1489 penes
478 1450 622 1478 rarum
646 1445 689 1480 et
711 1439 895 1480 densum
917 1439 1044 1481 nobis
1061 1440 1288 1488 sensibilis,
1311 1453 1388 1481 nec
1412 1440 1455 1481 in
1477 1440 1615 1494 speris

76 1503 188 1556 ignis
206 1510 250 1545 et
271 1505 394 1553 aeris,
416 1505 519 1548 licet
539 1507 625 1548 alia
645 1507 734 1549 duo
750 1515 936 1561 possunt
958 1521 1052 1550 6556
1075 1509 1145 1550 ibi.
1211 1510 1262 1550 In
1285 1511 1441 1551 eadem
1462 1517 1613 1551 autem

37 1594 58 1616 ο
75 1586 202 1626 spera
225 1579 272 1615 ut
294 1574 417 1628 ignis,
439 1575 540 1617 licet
560 1577 721 1619 habeat
743 1580 940 1632 superius
961 1585 1005 1621 et
1034 1578 1212 1621 inferius
1234 1579 1445 1633 majorem
1471 1580 1613 1620 densi-

77 1648 229 1694 tatem,
251 1643 351 1685 licet
372 1645 480 1687 radii
502 1646 639 1688 eciam
662 1647 869 1690 incedant
892 1661 979 1690 non
1010 1649 1439 1704 perpendiculariter,
1464 1655 1613 1690 tamen

76 1725 162 1752 non
186 1719 252 1754 est
274 1711 445 1766 fraccio,
461 1716 564 1769 quia
586 1729 672 1758 una
694 1723 760 1758 est
781 1718 1034 1772 superficies
1063 1718 1137 1760 ibi.
1190 1718 1402 1760 Similiter
1423 1719 1466 1759 in
1488 1732 1615 1772 spera

79 1782 202 1833 aeris,
225 1796 327 1825 nam
351 1784 540 1826 multum
564 1786 882 1829 diversificatur
902 1801 975 1829 aer
997 1789 1192 1842 superius
1210 1794 1254 1830 et
1276 1788 1454 1829 inferius
1478 1802 1614 1841 penes

76 1865 220 1893 rarum
258 1859 302 1894 et
339 1853 536 1905 densum,
573 1856 675 1909 quia
710 1856 839 1898 valde
873 1864 938 1898 est
981 1859 1158 1899 densius
1194 1859 1237 1898 in
1272 1857 1460 1899 inferiori
1490 1865 1615 1912 parte

36 1932 53 1963 5
77 1932 211 1972 quam
233 1920 277 1960 in
291 1921 515 1974 superiori,
534 1930 714 1976 propter
734 1937 921 1977 vapores
937 1931 1051 1966 terre
1067 1931 1111 1965 et
1133 1938 1259 1978 aque,
1272 1925 1348 1979 qui
1365 1925 1611 1966 ascendunt

76 1989 119 2028 in
143 2002 196 2031 eo
217 1995 261 2030 et
279 1990 552 2032 condensant
573 1993 616 2033 in
638 1993 781 2046 ipsum
811 1993 854 2034 in
878 1993 1069 2035 inferiori
1094 2000 1220 2048 parte
1240 2007 1249 2045 ;
1279 1999 1322 2035 et
1351 1994 1549 2035 similiter
1570 1995 1613 2035 in

75 2058 232 2110 media,
249 2058 323 2099 ubi
349 2065 416 2101 est
437 2059 559 2102 locus
573 2062 769 2112 nubium,
786 2063 918 2118 longe
936 2065 1078 2117 magis
1099 2078 1232 2118 quam
1255 2064 1298 2104 in
1313 2076 1544 2118 suprema;
1569 2070 1614 2105 et

74 2134 222 2169 tamen
258 2128 378 2170 nulla
412 2129 570 2172 fraccio
607 2132 717 2172 radii
753 2140 818 2174 est
854 2133 898 2174 in
939 2140 1035 2175 tota
1070 2147 1195 2187 spera
1231 2134 1354 2182 aeris,
1390 2133 1613 2188 loquendo

76 2198 131 2238 de
163 2211 346 2252 corpore
381 2213 462 2240 suo
497 2199 591 2242 solo
625 2215 760 2254 penes
797 2202 974 2244 inferius
1011 2210 1055 2244 et
1099 2204 1308 2256 superiu5‚
1339 2204 1443 2256 quia
1476 2217 1611 2244 unum

35 2265 231 2321 0corpus
271 2274 337 2309 est
370 2274 415 2310 et
450 2282 538 2310 non
583 2270 755 2312 diversa
795 2279 1009 2325 quantum
1050 2278 1116 2313 est
1153 2273 1209 2313 de
1249 2286 1309 2314 56.
1373 2273 1475 2316 Hoc
1516 2274 1614 2316 dico

74 2344 255 2392 propter
272 2338 411 2379 nubes
429 2345 472 2379 et
488 2353 674 2393 vapores
689 2340 732 2380 in
749 2341 909 2394 quibus
931 2348 997 2382 est
1014 2342 1134 2383 varia
1151 2341 1312 2384 fraccio
1340 2341 1345 2398 1
1372 2344 1613 2385 secundum
1633 2356 1652 2386 8
1669 2367 1688 2387 a
1707 2367 1734 2388 2.

73 2407 194 2460 quod
218 2407 325 2448 radii
352 2408 516 2450 cadunt
537 2410 594 2450 ad
620 2410 803 2463 angulos
825 2411 1029 2465 obliquos
1054 2412 1097 2452 in
1121 2412 1196 2462 eis,
1218 2419 1262 2453 et
1290 2413 1451 2454 deinde
1472 2414 1529 2455 ab
1552 2415 1614 2455 eis

120 2541 133 2561 1
154 2531 362 2573 superficie]
381 2532 564 2572 superficie
581 2532 670 2572 ignis
686 2532 719 2563 F
814 2535 835 2564 8
858 2544 1041 2574 supprema
1057 2544 1123 2566 om.
1137 2533 1172 2564 D
1247 2535 1407 2577 equetur]
1425 2538 1616 2576 equaturD

74 2583 180 2625 parti]
199 2589 295 2623 parte
312 2584 348 2615 D
485 2595 506 2625 9
528 2585 694 2625 gradatim
712 2596 780 2618 om.
797 2585 833 2617 D
957 2597 997 2617 10
1021 2587 1178 2629 equetur]
1197 2593 1342 2627 equatur
1357 2589 1392 2620 D
1515 2600 1554 2621 12
1578 2591 1613 2622 in

73 2637 255 2677 superficie
271 2647 338 2669 om.
358 2637 394 2668 D
484 2647 523 2677 14
546 2637 625 2679 per]
643 2643 678 2670 et
693 2638 728 2668 D
830 2640 870 2670 16
893 2639 1051 2682 istorum]
1069 2640 1160 2671 enim
1176 2640 1316 2672 istorum
1333 2641 1368 2672 F
1453 2651 1493 2682 19
1516 2642 1613 2685 licet]

72 2695 124 2720 set
140 2688 176 2719 D
263 2689 347 2731 duo]
365 2690 433 2722 duo
448 2689 537 2721 bene
553 2690 618 2721 FD
705 2691 835 2733 autern]
853 2693 960 2723 eciam
976 2692 1010 2723 F
1103 2703 1146 2724 20
1170 2698 1205 2724 ut
1221 2704 1288 2725 om.
1308 2692 1343 2723 D
1442 2705 1483 2726 21
1511 2695 1612 2737 radii]

74 2741 157 2772 radii
173 2745 208 2772 et
223 2741 286 2773 FD
389 2743 568 2785 incedant]
586 2743 749 2775 incedunt
765 2744 798 2774 F
893 2745 1240 2787 perpendiculariter]
1265 2746 1568 2786 perpendiculares
1583 2748 1618 2778 F

73 2804 114 2832 23
140 2793 234 2835 nam]
252 2804 321 2825 non
338 2795 375 2835 F,
393 2805 460 2828 om.
475 2794 518 2825 M
621 2796 886 2838 diversificatur]
901 2796 1175 2828 diversificantur
1190 2797 1233 2829 M
1375 2810 1416 2839 24
1441 2799 1473 2830 in
1492 2810 1558 2832 om.
1577 2800 1613 2831 D

75 2849 183 2886 τες-26
205 2857 305 2887 quam
323 2871 331 2879 .
350 2871 359 2880 .
380 2872 387 2879 .
402 2853 500 2888 parte
519 2859 585 2880 om.
603 2848 646 2880 M
737 2850 779 2880 26
804 2849 838 2880 in
854 2849 982 2891 ipsum]
1000 2850 1110 2890 ipsum
1126 2849 1161 2880 D
1249 2860 1292 2891 29
1315 2851 1406 2893 solo]
1424 2852 1532 2884 solum
1549 2853 1612 2884 FD
