<?xml version="1.0" encoding="UTF-8"?>
<!DOCTYPE html PUBLIC "-//W3C//DTD XHTML 1.0 Transitional//EN"
    "http://www.w3.org/TR/xhtml1/DTD/xhtml1-transitional.dtd">
<html xmlns="http://www.w3.org/1999/xhtml" xml:lang="en" lang="en">
 <head>
  <title>
</title>
<meta http-equiv="Content-Type" content="text/html;charset=utf-8" />
  <meta name='ocr-system' content='tesseract 3.04.00' />
  <meta name='ocr-capabilities' content='ocr_page ocr_carea ocr_par ocr_line ocrx_word'/>
</head>
<body>
  <div class='ocr_page' id='page_1' title='image "./operahactenusine02baco_0030.png"; bbox 0 0 1934 3152; ppageno 0'>
   <div class='ocr_carea' id='block_1_1' title="bbox 172 1789 278 1829">
    <p class='ocr_par' dir='ltr' id='par_1_1' title="bbox 172 1789 278 1829">
     <span class='ocr_line' id='line_1_1' title="bbox 172 1789 278 1829; baseline 0.009 -9"><span class='ocrx_word' id='word_1_1' title='bbox 172 1789 278 1829; x_wconf 86' lang='lat' dir='ltr'>5b2.</span> 
     </span>
    </p>
   </div>
   <div class='ocr_carea' id='block_1_2' title="bbox 98 1842 276 1874">
    <p class='ocr_par' dir='ltr' id='par_1_2' title="bbox 98 1842 276 1874">
     <span class='ocr_line' id='line_1_2' title="bbox 98 1842 276 1874; baseline 0.011 -2"><span class='ocrx_word' id='word_1_2' title='bbox 98 1842 137 1873; x_wconf 81' lang='lat' dir='ltr'>F.</span> <span class='ocrx_word' id='word_1_3' title='bbox 153 1843 194 1874; x_wconf 88' lang='lat'>86</span> <span class='ocrx_word' id='word_1_4' title='bbox 210 1854 230 1874; x_wconf 91' lang='lat' dir='ltr'>a</span> <span class='ocrx_word' id='word_1_5' title='bbox 248 1852 276 1874; x_wconf 91' lang='lat'>2.</span> 
     </span>
    </p>
   </div>
   <div class='ocr_carea' id='block_1_3' title="bbox 1048 64 1100 105">
    <p class='ocr_par' dir='ltr' id='par_1_3' title="bbox 1048 64 1100 105">
     <span class='ocr_line' id='line_1_3' title="bbox 1048 64 1100 105; baseline 0 0"><span class='ocrx_word' id='word_1_6' title='bbox 1048 64 1100 105; x_wconf 92' lang='lat'>18</span> 
     </span>
    </p>
   </div>
   <div class='ocr_carea' id='block_1_4' title="bbox 295 176 1934 2663">
    <p class='ocr_par' dir='ltr' id='par_1_4' title="bbox 298 176 1905 857">
     <span class='ocr_line' id='line_1_4' title="bbox 299 176 1841 236; baseline -0.004 -13"><span class='ocrx_word' id='word_1_7' title='bbox 299 181 489 236; x_wconf 87' lang='lat' dir='ltr'>speciem</span> <span class='ocrx_word' id='word_1_8' title='bbox 512 180 778 235; x_wconf 81' lang='lat' dir='ltr'>singularem</span> <span class='ocrx_word' id='word_1_9' title='bbox 803 186 847 222; x_wconf 93' lang='lat' dir='ltr'>et</span> <span class='ocrx_word' id='word_1_10' title='bbox 869 178 1127 222; x_wconf 88' lang='lat' dir='ltr'>universalis</span> <span class='ocrx_word' id='word_1_11' title='bbox 1150 177 1455 229; x_wconf 89' lang='lat' dir='ltr'>universalem,</span> <span class='ocrx_word' id='word_1_12' title='bbox 1477 182 1520 219; x_wconf 90' lang='lat' dir='ltr'>et</span> <span class='ocrx_word' id='word_1_13' title='bbox 1546 176 1710 219; x_wconf 84' lang='lat' dir='ltr'>similes</span> <span class='ocrx_word' id='word_1_14' title='bbox 1737 181 1841 217; x_wconf 90' lang='lat' dir='ltr'>sunt</span> 
     </span>
     <span class='ocr_line' id='line_1_5' title="bbox 299 245 1841 304; baseline -0.003 -13"><span class='ocrx_word' id='word_1_15' title='bbox 299 250 466 304; x_wconf 88' lang='lat' dir='ltr'>species</span> <span class='ocrx_word' id='word_1_16' title='bbox 504 251 563 291; x_wconf 87' lang='lat' dir='ltr'>rei</span> <span class='ocrx_word' id='word_1_17' title='bbox 600 251 856 292; x_wconf 85' lang='lat' dir='ltr'>universalis</span> <span class='ocrx_word' id='word_1_18' title='bbox 893 256 937 291; x_wconf 92' lang='lat' dir='ltr'>et</span> <span class='ocrx_word' id='word_1_19' title='bbox 979 248 1040 290; x_wconf 88' lang='lat' dir='ltr'>rei</span> <span class='ocrx_word' id='word_1_20' title='bbox 1082 248 1326 302; x_wconf 85' lang='lat' dir='ltr'>singularis,</span> <span class='ocrx_word' id='word_1_21' title='bbox 1363 247 1474 289; x_wconf 90' lang='lat' dir='ltr'>sicut</span> <span class='ocrx_word' id='word_1_22' title='bbox 1509 245 1754 288; x_wconf 86' lang='lat' dir='ltr'>universale</span> <span class='ocrx_word' id='word_1_23' title='bbox 1796 252 1841 286; x_wconf 82' lang='lat' dir='ltr'>et</span> 
     </span>
     <span class='ocr_line' id='line_1_6' title="bbox 299 307 1842 374; baseline -0.003 -13"><span class='ocrx_word' id='word_1_24' title='bbox 299 320 543 374; x_wconf 88' lang='lat' dir='ltr'>singulare:</span> <span class='ocrx_word' id='word_1_25' title='bbox 578 321 694 362; x_wconf 91' lang='lat' dir='ltr'>unde</span> <span class='ocrx_word' id='word_1_26' title='bbox 722 321 858 362; x_wconf 91' lang='lat' dir='ltr'>homo</span> <span class='ocrx_word' id='word_1_27' title='bbox 880 325 946 361; x_wconf 92' lang='lat' dir='ltr'>est</span> <span class='ocrx_word' id='word_1_28' title='bbox 970 320 1013 360; x_wconf 91' lang='lat' dir='ltr'>in</span> <span class='ocrx_word' id='word_1_29' title='bbox 1045 319 1132 361; x_wconf 89' lang='lat' dir='ltr'>isto</span> <span class='ocrx_word' id='word_1_30' title='bbox 1162 319 1351 367; x_wconf 88' lang='lat' dir='ltr'>homine,</span> <span class='ocrx_word' id='word_1_31' title='bbox 1374 325 1538 367; x_wconf 26' lang='lat' dir='ltr'>et-non</span> <span class='ocrx_word' id='word_1_32' title='bbox 1570 307 1719 374; x_wconf 85' lang='lat' dir='ltr'>potest</span> <span class='ocrx_word' id='word_1_33' title='bbox 1746 329 1842 359; x_wconf 88' lang='lat' dir='ltr'>esse</span> 
     </span>
     <span class='ocr_line' id='line_1_7' title="bbox 299 386 1842 444; baseline -0.003 -13"><span class='ocrx_word' id='word_1_34' title='bbox 299 390 391 431; x_wconf 88' lang='lat' dir='ltr'>sine</span> <span class='ocrx_word' id='word_1_35' title='bbox 428 389 573 443; x_wconf 87' lang='lat' dir='ltr'>specie</span> <span class='ocrx_word' id='word_1_36' title='bbox 607 390 666 431; x_wconf 89' lang='lat' dir='ltr'>rei</span> <span class='ocrx_word' id='word_1_37' title='bbox 703 389 935 444; x_wconf 88' lang='lat' dir='ltr'>singularis</span> <span class='ocrx_word' id='word_1_38' title='bbox 972 388 1222 442; x_wconf 84' lang='lat' dir='ltr'>ubicunque</span> <span class='ocrx_word' id='word_1_39' title='bbox 1254 389 1322 441; x_wconf 88' lang='lat' dir='ltr'>sit,</span> <span class='ocrx_word' id='word_1_40' title='bbox 1355 388 1444 429; x_wconf 86' lang='lat' dir='ltr'>sive</span> <span class='ocrx_word' id='word_1_41' title='bbox 1482 389 1526 428; x_wconf 90' lang='lat' dir='ltr'>in</span> <span class='ocrx_word' id='word_1_42' title='bbox 1559 387 1718 438; x_wconf 83' lang='lat' dir='ltr'>medio,</span> <span class='ocrx_word' id='word_1_43' title='bbox 1749 386 1842 427; x_wconf 88' lang='lat' dir='ltr'>sive</span> 
     </span>
     <span class='ocr_line' id='line_1_8' title="bbox 298 455 1880 511; baseline -0.002 -12"><span class='ocrx_word' id='word_1_44' title='bbox 298 459 342 500; x_wconf 88' lang='lat' dir='ltr'>in</span> <span class='ocrx_word' id='word_1_45' title='bbox 374 473 515 509; x_wconf 88' lang='lat' dir='ltr'>sensu,</span> <span class='ocrx_word' id='word_1_46' title='bbox 547 459 638 500; x_wconf 87' lang='lat' dir='ltr'>sive</span> <span class='ocrx_word' id='word_1_47' title='bbox 670 460 714 500; x_wconf 93' lang='lat' dir='ltr'>in</span> <span class='ocrx_word' id='word_1_48' title='bbox 745 458 981 500; x_wconf 87' lang='lat' dir='ltr'>intellectu.</span> <span class='ocrx_word' id='word_1_49' title='bbox 1058 458 1119 499; x_wconf 86' lang='lat' dir='ltr'>Et</span> <span class='ocrx_word' id='word_1_50' title='bbox 1150 471 1286 511; x_wconf 84' lang='lat' dir='ltr'>agens</span> <span class='ocrx_word' id='word_1_51' title='bbox 1322 457 1520 499; x_wconf 88' lang='lat' dir='ltr'>naturale</span> <span class='ocrx_word' id='word_1_52' title='bbox 1558 471 1644 498; x_wconf 91' lang='lat' dir='ltr'>non</span> <span class='ocrx_word' id='word_1_53' title='bbox 1678 455 1842 498; x_wconf 84' lang='lat' dir='ltr'>emittit</span> <span class='ocrx_word' id='word_1_54' title='bbox 1862 461 1880 492; x_wconf 81' lang='grc'><em>5</em></span> 
     </span>
     <span class='ocr_line' id='line_1_9' title="bbox 298 525 1843 582; baseline -0.002 -12"><span class='ocrx_word' id='word_1_55' title='bbox 298 529 465 582; x_wconf 87' lang='lat' dir='ltr'>aliquid</span> <span class='ocrx_word' id='word_1_56' title='bbox 488 543 513 570; x_wconf 88' lang='lat' dir='ltr'>a</span> <span class='ocrx_word' id='word_1_57' title='bbox 535 543 593 578; x_wconf 87' lang='lat' dir='ltr'>se,</span> <span class='ocrx_word' id='word_1_58' title='bbox 615 529 719 582; x_wconf 88' lang='lat' dir='ltr'>quia</span> <span class='ocrx_word' id='word_1_59' title='bbox 750 529 951 570; x_wconf 88' lang='lat' dir='ltr'>accidens</span> <span class='ocrx_word' id='word_1_60' title='bbox 979 541 1067 570; x_wconf 91' lang='lat' dir='ltr'>non</span> <span class='ocrx_word' id='word_1_61' title='bbox 1090 535 1236 582; x_wconf 90' lang='lat' dir='ltr'>potest</span> <span class='ocrx_word' id='word_1_62' title='bbox 1268 528 1325 568; x_wconf 92' lang='lat' dir='ltr'>ab</span> <span class='ocrx_word' id='word_1_63' title='bbox 1358 534 1411 568; x_wconf 90' lang='lat' dir='ltr'>eo</span> <span class='ocrx_word' id='word_1_64' title='bbox 1442 527 1647 581; x_wconf 84' lang='lat' dir='ltr'>separari.</span> <span class='ocrx_word' id='word_1_65' title='bbox 1709 525 1843 568; x_wconf 88' lang='lat' dir='ltr'>Acci-</span> 
     </span>
     <span class='ocr_line' id='line_1_10' title="bbox 298 598 1843 653; baseline -0.001 -13"><span class='ocrx_word' id='word_1_66' title='bbox 298 599 452 641; x_wconf 90' lang='lat' dir='ltr'>dencia</span> <span class='ocrx_word' id='word_1_67' title='bbox 497 600 614 639; x_wconf 88' lang='lat' dir='ltr'>enim</span> <span class='ocrx_word' id='word_1_68' title='bbox 656 599 925 653; x_wconf 88' lang='lat' dir='ltr'>indignantis</span> <span class='ocrx_word' id='word_1_69' title='bbox 965 605 1120 639; x_wconf 87' lang='lat' dir='ltr'>nature</span> <span class='ocrx_word' id='word_1_70' title='bbox 1162 605 1277 649; x_wconf 90' lang='lat' dir='ltr'>sunt,</span> <span class='ocrx_word' id='word_1_71' title='bbox 1313 612 1416 639; x_wconf 89' lang='lat' dir='ltr'>nam</span> <span class='ocrx_word' id='word_1_72' title='bbox 1460 598 1616 652; x_wconf 85' lang='lat' dir='ltr'><strong>perimi</strong></span> <span class='ocrx_word' id='word_1_73' title='bbox 1655 602 1843 652; x_wconf 87' lang='lat' dir='ltr'>possunt</span> 
     </span>
     <span class='ocr_line' id='line_1_11' title="bbox 299 667 1840 722; baseline -0.002 -13"><span class='ocrx_word' id='word_1_74' title='bbox 299 669 343 709; x_wconf 88' lang='lat' dir='ltr'>in</span> <span class='ocrx_word' id='word_1_75' title='bbox 385 668 604 722; x_wconf 80' lang='lat' dir='ltr'>subjectis,</span> <span class='ocrx_word' id='word_1_76' title='bbox 651 669 727 710; x_wconf 91' lang='lat' dir='ltr'>sed</span> <span class='ocrx_word' id='word_1_77' title='bbox 778 681 1056 722; x_wconf 79' lang='lat' dir='ltr'>nequaquam</span> <span class='ocrx_word' id='word_1_78' title='bbox 1109 667 1259 709; x_wconf 90' lang='lat' dir='ltr'>valent</span> <span class='ocrx_word' id='word_1_79' title='bbox 1307 667 1482 709; x_wconf 89' lang='lat' dir='ltr'>alterari</span> <span class='ocrx_word' id='word_1_80' title='bbox 1526 669 1586 710; x_wconf 90' lang='lat' dir='ltr'>ab</span> <span class='ocrx_word' id='word_1_81' title='bbox 1637 668 1709 717; x_wconf 89' lang='lat' dir='ltr'>eis,</span> <span class='ocrx_word' id='word_1_82' title='bbox 1763 679 1840 707; x_wconf 87' lang='lat' dir='ltr'>nec</span> 
     </span>
     <span class='ocr_line' id='line_1_12' title="bbox 298 736 1841 793; baseline -0.002 -14"><span class='ocrx_word' id='word_1_83' title='bbox 298 739 483 780; x_wconf 89' lang='lat' dir='ltr'>transire</span> <span class='ocrx_word' id='word_1_84' title='bbox 504 740 559 780; x_wconf 93' lang='lat' dir='ltr'>ad</span> <span class='ocrx_word' id='word_1_85' title='bbox 583 739 667 780; x_wconf 90' lang='lat' dir='ltr'>alia</span> <span class='ocrx_word' id='word_1_86' title='bbox 689 738 899 793; x_wconf 84' lang='lat' dir='ltr'>subjecta,</span> <span class='ocrx_word' id='word_1_87' title='bbox 922 744 969 779; x_wconf 92' lang='lat' dir='ltr'>ut</span> <span class='ocrx_word' id='word_1_88' title='bbox 993 736 1113 779; x_wconf 89' lang='lat' dir='ltr'>color</span> <span class='ocrx_word' id='word_1_89' title='bbox 1134 738 1177 778; x_wconf 90' lang='lat' dir='ltr'>in</span> <span class='ocrx_word' id='word_1_90' title='bbox 1200 738 1368 792; x_wconf 89' lang='lat' dir='ltr'>pariete</span> <span class='ocrx_word' id='word_1_91' title='bbox 1386 752 1473 779; x_wconf 90' lang='lat' dir='ltr'>non</span> <span class='ocrx_word' id='word_1_92' title='bbox 1488 743 1636 793; x_wconf 85' lang='lat' dir='ltr'>potest</span> <span class='ocrx_word' id='word_1_93' title='bbox 1649 737 1841 791; x_wconf 89' lang='lat' dir='ltr'>separari</span> 
     </span>
     <span class='ocr_line' id='line_1_13' title="bbox 298 807 1905 857; baseline -0.002 -8"><span class='ocrx_word' id='word_1_94' title='bbox 298 807 355 849; x_wconf 91' lang='lat' dir='ltr'>ab</span> <span class='ocrx_word' id='word_1_95' title='bbox 377 823 443 857; x_wconf 84' lang='lat' dir='ltr'>eo,</span> <span class='ocrx_word' id='word_1_96' title='bbox 466 814 515 849; x_wconf 88' lang='lat' dir='ltr'>ut</span> <span class='ocrx_word' id='word_1_97' title='bbox 537 809 578 850; x_wconf 91' lang='lat' dir='ltr'>in</span> <span class='ocrx_word' id='word_1_98' title='bbox 602 809 689 849; x_wconf 90' lang='lat' dir='ltr'>alia</span> <span class='ocrx_word' id='word_1_99' title='bbox 711 823 755 850; x_wconf 93' lang='lat' dir='ltr'>re</span> <span class='ocrx_word' id='word_1_100' title='bbox 778 808 1018 851; x_wconf 86' lang='lat' dir='ltr'>collocetur</span> <span class='ocrx_word' id='word_1_101' title='bbox 1031 824 1043 857; x_wconf 71' lang='grc' dir='ltr'><strong><em>ς</em></strong></span> <span class='ocrx_word' id='word_1_102' title='bbox 1076 807 1159 849; x_wconf 92' lang='lat' dir='ltr'>hoc</span> <span class='ocrx_word' id='word_1_103' title='bbox 1181 808 1428 849; x_wconf 87' lang='lat' dir='ltr'>concedunt</span> <span class='ocrx_word' id='word_1_104' title='bbox 1449 821 1615 849; x_wconf 89' lang='lat' dir='ltr'>omnes.</span> <span class='ocrx_word' id='word_1_105' title='bbox 1864 823 1905 845; x_wconf 93' lang='lat'>10</span> 
     </span>
    </p>

    <p class='ocr_par' dir='ltr' id='par_1_5' title="bbox 295 878 1934 1971">
     <span class='ocr_line' id='line_1_14' title="bbox 358 878 1841 932; baseline -0.001 -14"><span class='ocrx_word' id='word_1_106' title='bbox 358 878 509 919; x_wconf 88' lang='lat' dir='ltr'>Nichil</span> <span class='ocrx_word' id='word_1_107' title='bbox 524 886 673 920; x_wconf 87' lang='lat' dir='ltr'>autem</span> <span class='ocrx_word' id='word_1_108' title='bbox 695 878 947 920; x_wconf 90' lang='lat' dir='ltr'>substancie</span> <span class='ocrx_word' id='word_1_109' title='bbox 969 883 1116 931; x_wconf 89' lang='lat' dir='ltr'>potest</span> <span class='ocrx_word' id='word_1_110' title='bbox 1138 879 1331 931; x_wconf 88' lang='lat' dir='ltr'>separari</span> <span class='ocrx_word' id='word_1_111' title='bbox 1353 878 1411 919; x_wconf 90' lang='lat' dir='ltr'>ab</span> <span class='ocrx_word' id='word_1_112' title='bbox 1433 884 1594 932; x_wconf 83' lang='lat' dir='ltr'>agente</span> <span class='ocrx_word' id='word_1_113' title='bbox 1615 891 1694 932; x_wconf 85' lang='lat' dir='ltr'>per</span> <span class='ocrx_word' id='word_1_114' title='bbox 1714 891 1841 918; x_wconf 90' lang='lat' dir='ltr'>suam</span> 
     </span>
     <span class='ocr_line' id='line_1_15' title="bbox 298 938 1843 1003; baseline -0.001 -14"><span class='ocrx_word' id='word_1_115' title='bbox 298 949 538 998; x_wconf 86' lang='lat' dir='ltr'>accionem,</span> <span class='ocrx_word' id='word_1_116' title='bbox 586 949 796 1003; x_wconf 87' lang='lat' dir='ltr'>quoniam</span> <span class='ocrx_word' id='word_1_117' title='bbox 844 955 949 990; x_wconf 91' lang='lat' dir='ltr'>tunc</span> <span class='ocrx_word' id='word_1_118' title='bbox 1001 954 1115 989; x_wconf 88' lang='lat' dir='ltr'>esset</span> <span class='ocrx_word' id='word_1_119' title='bbox 1167 948 1419 1001; x_wconf 90' lang='lat' dir='ltr'>deperdicio</span> <span class='ocrx_word' id='word_1_120' title='bbox 1471 947 1722 990; x_wconf 88' lang='lat' dir='ltr'>substancie</span> <span class='ocrx_word' id='word_1_121' title='bbox 1746 938 1843 1001; x_wconf 33' lang='lat' dir='ltr'>&#39;per</span> 
     </span>
     <span class='ocr_line' id='line_1_16' title="bbox 299 1017 1839 1072; baseline -0.001 -13"><span class='ocrx_word' id='word_1_122' title='bbox 299 1019 526 1060; x_wconf 86' lang='lat' dir='ltr'>accionem</span> <span class='ocrx_word' id='word_1_123' title='bbox 560 1033 685 1060; x_wconf 89' lang='lat' dir='ltr'>suam</span> <span class='ocrx_word' id='word_1_124' title='bbox 719 1025 763 1060; x_wconf 93' lang='lat' dir='ltr'>et</span> <span class='ocrx_word' id='word_1_125' title='bbox 795 1018 1023 1072; x_wconf 88' lang='lat' dir='ltr'>corrupcio</span> <span class='ocrx_word' id='word_1_126' title='bbox 1056 1018 1128 1068; x_wconf 90' lang='lat' dir='ltr'>rei,</span> <span class='ocrx_word' id='word_1_127' title='bbox 1150 1018 1269 1071; x_wconf 88' lang='lat' dir='ltr'>quod</span> <span class='ocrx_word' id='word_1_128' title='bbox 1293 1031 1380 1059; x_wconf 90' lang='lat' dir='ltr'>non</span> <span class='ocrx_word' id='word_1_129' title='bbox 1404 1024 1470 1059; x_wconf 90' lang='lat' dir='ltr'>est</span> <span class='ocrx_word' id='word_1_130' title='bbox 1491 1032 1656 1059; x_wconf 90' lang='lat' dir='ltr'>verum.</span> <span class='ocrx_word' id='word_1_131' title='bbox 1720 1017 1839 1058; x_wconf 89' lang='lat' dir='ltr'>Nam</span> 
     </span>
     <span class='ocr_line' id='line_1_17' title="bbox 298 1086 1838 1142; baseline 0 -14"><span class='ocrx_word' id='word_1_132' title='bbox 298 1088 544 1141; x_wconf 85' lang='lat' dir='ltr'>spiritualia</span> <span class='ocrx_word' id='word_1_133' title='bbox 585 1089 763 1130; x_wconf 90' lang='lat' dir='ltr'>celestia</span> <span class='ocrx_word' id='word_1_134' title='bbox 804 1095 906 1130; x_wconf 91' lang='lat' dir='ltr'>sunt</span> <span class='ocrx_word' id='word_1_135' title='bbox 949 1088 1145 1129; x_wconf 85' lang='lat' dir='ltr'>maxime</span> <span class='ocrx_word' id='word_1_136' title='bbox 1185 1088 1342 1138; x_wconf 86' lang='lat' dir='ltr'>activa,</span> <span class='ocrx_word' id='word_1_137' title='bbox 1376 1101 1463 1142; x_wconf 90' lang='lat' dir='ltr'>que</span> <span class='ocrx_word' id='word_1_138' title='bbox 1496 1101 1584 1129; x_wconf 91' lang='lat' dir='ltr'>non</span> <span class='ocrx_word' id='word_1_139' title='bbox 1622 1086 1838 1142; x_wconf 88' lang='lat' dir='ltr'>recipiunt</span> 
     </span>
     <span class='ocr_line' id='line_1_18' title="bbox 298 1157 1901 1212; baseline -0.002 -14"><span class='ocrx_word' id='word_1_140' title='bbox 298 1159 657 1212; x_wconf 90' lang='lat' dir='ltr'>deperdicionem</span> <span class='ocrx_word' id='word_1_141' title='bbox 675 1159 925 1200; x_wconf 88' lang='lat' dir='ltr'>substancie</span> <span class='ocrx_word' id='word_1_142' title='bbox 943 1172 1022 1200; x_wconf 92' lang='lat' dir='ltr'>nec</span> <span class='ocrx_word' id='word_1_143' title='bbox 1044 1158 1388 1211; x_wconf 87' lang='lat' dir='ltr'>corrupcionem.</span> <span class='ocrx_word' id='word_1_144' title='bbox 1435 1158 1476 1199; x_wconf 94' lang='lat' dir='ltr'>N</span> <span class='ocrx_word' id='word_1_145' title='bbox 1481 1172 1529 1200; x_wconf 92' lang='lat' dir='ltr'>ec</span> <span class='ocrx_word' id='word_1_146' title='bbox 1547 1164 1613 1199; x_wconf 92' lang='lat' dir='ltr'>est</span> <span class='ocrx_word' id='word_1_147' title='bbox 1628 1157 1840 1199; x_wconf 86' lang='lat' dir='ltr'>instancia</span> <span class='ocrx_word' id='word_1_148' title='bbox 1864 1173 1901 1205; x_wconf 88' lang='lat'>15</span> 
     </span>
     <span class='ocr_line' id='line_1_19' title="bbox 299 1227 1834 1282; baseline 0 -14"><span class='ocrx_word' id='word_1_149' title='bbox 299 1228 343 1268; x_wconf 90' lang='lat' dir='ltr'>in</span> <span class='ocrx_word' id='word_1_150' title='bbox 367 1228 597 1278; x_wconf 85' lang='lat' dir='ltr'>odorabili‚</span> <span class='ocrx_word' id='word_1_151' title='bbox 620 1243 646 1269; x_wconf 89' lang='lat' dir='ltr'>a</span> <span class='ocrx_word' id='word_1_152' title='bbox 667 1242 757 1282; x_wconf 89' lang='lat' dir='ltr'>quo</span> <span class='ocrx_word' id='word_1_153' title='bbox 780 1229 874 1269; x_wconf 80' lang='lat' dir='ltr'>exit</span> <span class='ocrx_word' id='word_1_154' title='bbox 897 1227 1043 1269; x_wconf 86' lang='lat' dir='ltr'>fumus</span> <span class='ocrx_word' id='word_1_155' title='bbox 1065 1227 1320 1278; x_wconf 81' lang='lat' dir='ltr'>odoriferus,</span> <span class='ocrx_word' id='word_1_156' title='bbox 1341 1234 1389 1269; x_wconf 92' lang='lat' dir='ltr'>ut</span> <span class='ocrx_word' id='word_1_157' title='bbox 1409 1229 1611 1269; x_wconf 90' lang='lat' dir='ltr'>videmus</span> <span class='ocrx_word' id='word_1_158' title='bbox 1641 1227 1684 1268; x_wconf 91' lang='lat' dir='ltr'>in</span> <span class='ocrx_word' id='word_1_159' title='bbox 1706 1227 1834 1268; x_wconf 89' lang='lat' dir='ltr'>thure</span> 
     </span>
     <span class='ocr_line' id='line_1_20' title="bbox 297 1298 1843 1352; baseline -0.001 -14"><span class='ocrx_word' id='word_1_160' title='bbox 297 1311 498 1347; x_wconf 82' lang='lat' dir='ltr'>accenso,</span> <span class='ocrx_word' id='word_1_161' title='bbox 518 1298 728 1352; x_wconf 88' lang='lat' dir='ltr'>quoniam</span> <span class='ocrx_word' id='word_1_162' title='bbox 750 1299 832 1339; x_wconf 94' lang='lat' dir='ltr'>hoc</span> <span class='ocrx_word' id='word_1_163' title='bbox 855 1312 942 1339; x_wconf 92' lang='lat' dir='ltr'>non</span> <span class='ocrx_word' id='word_1_164' title='bbox 965 1305 1030 1339; x_wconf 92' lang='lat' dir='ltr'>est</span> <span class='ocrx_word' id='word_1_165' title='bbox 1053 1298 1096 1338; x_wconf 88' lang='lat' dir='ltr'>in</span> <span class='ocrx_word' id='word_1_166' title='bbox 1119 1304 1333 1351; x_wconf 89' lang='lat' dir='ltr'>quantum</span> <span class='ocrx_word' id='word_1_167' title='bbox 1357 1298 1582 1340; x_wconf 90' lang='lat' dir='ltr'>odorabile</span> <span class='ocrx_word' id='word_1_168' title='bbox 1603 1303 1670 1339; x_wconf 92' lang='lat' dir='ltr'>est</span> <span class='ocrx_word' id='word_1_169' title='bbox 1691 1310 1843 1352; x_wconf 90' lang='lat' dir='ltr'>agens,</span> 
     </span>
     <span class='ocr_line' id='line_1_21' title="bbox 298 1366 1839 1422; baseline -0.001 -14"><span class='ocrx_word' id='word_1_170' title='bbox 298 1374 364 1409; x_wconf 88' lang='lat' dir='ltr'>set</span> <span class='ocrx_word' id='word_1_171' title='bbox 387 1368 430 1408; x_wconf 92' lang='lat' dir='ltr'>in</span> <span class='ocrx_word' id='word_1_172' title='bbox 459 1374 674 1421; x_wconf 87' lang='lat' dir='ltr'>quantum</span> <span class='ocrx_word' id='word_1_173' title='bbox 697 1375 763 1410; x_wconf 91' lang='lat' dir='ltr'>est</span> <span class='ocrx_word' id='word_1_174' title='bbox 786 1369 973 1422; x_wconf 88' lang='lat' dir='ltr'>paciens,</span> <span class='ocrx_word' id='word_1_175' title='bbox 997 1382 1100 1410; x_wconf 91' lang='lat' dir='ltr'>nam</span> <span class='ocrx_word' id='word_1_176' title='bbox 1124 1368 1289 1422; x_wconf 89' lang='lat' dir='ltr'>patitur</span> <span class='ocrx_word' id='word_1_177' title='bbox 1310 1381 1336 1409; x_wconf 91' lang='lat' dir='ltr'>a</span> <span class='ocrx_word' id='word_1_178' title='bbox 1357 1368 1500 1410; x_wconf 91' lang='lat' dir='ltr'>calido</span> <span class='ocrx_word' id='word_1_179' title='bbox 1529 1366 1736 1409; x_wconf 85' lang='lat' dir='ltr'>exteriori</span> <span class='ocrx_word' id='word_1_180' title='bbox 1767 1366 1839 1408; x_wconf 89' lang='lat' dir='ltr'>vel</span> 
     </span>
     <span class='ocr_line' id='line_1_22' title="bbox 297 1435 1839 1492; baseline 0 -15"><span class='ocrx_word' id='word_1_181' title='bbox 297 1437 505 1488; x_wconf 80' lang='lat' dir='ltr'>interiori,</span> <span class='ocrx_word' id='word_1_182' title='bbox 527 1438 638 1479; x_wconf 89' lang='lat' dir='ltr'>sicut</span> <span class='ocrx_word' id='word_1_183' title='bbox 670 1438 713 1478; x_wconf 92' lang='lat' dir='ltr'>in</span> <span class='ocrx_word' id='word_1_184' title='bbox 743 1452 894 1480; x_wconf 86' lang='lat' dir='ltr'>musco</span> <span class='ocrx_word' id='word_1_185' title='bbox 923 1445 967 1480; x_wconf 88' lang='lat' dir='ltr'>et</span> <span class='ocrx_word' id='word_1_186' title='bbox 996 1438 1154 1479; x_wconf 89' lang='lat' dir='ltr'>ceteris</span> <span class='ocrx_word' id='word_1_187' title='bbox 1178 1437 1455 1487; x_wconf 80' lang='lat' dir='ltr'>aromaticis3</span> <span class='ocrx_word' id='word_1_188' title='bbox 1486 1438 1694 1492; x_wconf 90' lang='lat' dir='ltr'>quoniam</span> <span class='ocrx_word' id='word_1_189' title='bbox 1718 1435 1839 1479; x_wconf 88' lang='lat' dir='ltr'>calor</span> 
     </span>
     <span class='ocr_line' id='line_1_23' title="bbox 296 1506 1934 1562; baseline -0.002 -14"><span class='ocrx_word' id='word_1_190' title='bbox 296 1507 476 1548; x_wconf 90' lang='lat' dir='ltr'>resolvit</span> <span class='ocrx_word' id='word_1_191' title='bbox 497 1522 681 1561; x_wconf 88' lang='lat' dir='ltr'>vapores</span> <span class='ocrx_word' id='word_1_192' title='bbox 703 1508 885 1550; x_wconf 91' lang='lat' dir='ltr'>subtiles</span> <span class='ocrx_word' id='word_1_193' title='bbox 906 1508 981 1562; x_wconf 89' lang='lat' dir='ltr'>qui</span> <span class='ocrx_word' id='word_1_194' title='bbox 1003 1515 1105 1550; x_wconf 93' lang='lat' dir='ltr'>sunt</span> <span class='ocrx_word' id='word_1_195' title='bbox 1127 1508 1183 1549; x_wconf 88' lang='lat' dir='ltr'>de</span> <span class='ocrx_word' id='word_1_196' title='bbox 1204 1508 1455 1549; x_wconf 87' lang='lat' dir='ltr'>substancia</span> <span class='ocrx_word' id='word_1_197' title='bbox 1486 1507 1742 1558; x_wconf 85' lang='lat' dir='ltr'>odorabilis,</span> <span class='ocrx_word' id='word_1_198' title='bbox 1763 1506 1838 1560; x_wconf 91' lang='lat' dir='ltr'>qui</span> <span class='ocrx_word' id='word_1_199' title='bbox 1863 1522 1903 1545; x_wconf 89' lang='lat'>20</span> <span class='ocrx_word' id='word_1_200' title='bbox 1932 1538 1934 1559; x_wconf 93' lang='lat'>:</span> 
     </span>
     <span class='ocr_line' id='line_1_24' title="bbox 295 1577 1840 1633; baseline 0 -15"><span class='ocrx_word' id='word_1_201' title='bbox 295 1591 481 1631; x_wconf 88' lang='lat' dir='ltr'>vapores</span> <span class='ocrx_word' id='word_1_202' title='bbox 503 1585 606 1620; x_wconf 88' lang='lat' dir='ltr'>sunt</span> <span class='ocrx_word' id='word_1_203' title='bbox 625 1592 808 1631; x_wconf 90' lang='lat' dir='ltr'>corpora</span> <span class='ocrx_word' id='word_1_204' title='bbox 831 1579 1029 1632; x_wconf 91' lang='lat' dir='ltr'>dispersa</span> <span class='ocrx_word' id='word_1_205' title='bbox 1060 1592 1139 1633; x_wconf 87' lang='lat' dir='ltr'>per</span> <span class='ocrx_word' id='word_1_206' title='bbox 1164 1592 1309 1620; x_wconf 88' lang='lat' dir='ltr'>aerem</span> <span class='ocrx_word' id='word_1_207' title='bbox 1340 1585 1384 1620; x_wconf 93' lang='lat' dir='ltr'>et</span> <span class='ocrx_word' id='word_1_208' title='bbox 1412 1577 1661 1620; x_wconf 84' lang='lat' dir='ltr'>dividencia</span> <span class='ocrx_word' id='word_1_209' title='bbox 1692 1583 1840 1631; x_wconf 86' lang='lat' dir='ltr'>partes</span> 
     </span>
     <span class='ocr_line' id='line_1_25' title="bbox 297 1646 1839 1701; baseline 0 -14"><span class='ocrx_word' id='word_1_210' title='bbox 297 1647 408 1688; x_wconf 89' lang='lat' dir='ltr'>aeris</span> <span class='ocrx_word' id='word_1_211' title='bbox 439 1647 648 1701; x_wconf 86' lang='lat' dir='ltr'>quoniam</span> <span class='ocrx_word' id='word_1_212' title='bbox 685 1662 759 1689; x_wconf 91' lang='lat' dir='ltr'>aer</span> <span class='ocrx_word' id='word_1_213' title='bbox 793 1655 859 1691; x_wconf 88' lang='lat' dir='ltr'>est</span> <span class='ocrx_word' id='word_1_214' title='bbox 895 1648 1098 1691; x_wconf 90' lang='lat' dir='ltr'>subtilior</span> <span class='ocrx_word' id='word_1_215' title='bbox 1131 1649 1192 1689; x_wconf 91' lang='lat' dir='ltr'>eis</span> <span class='ocrx_word' id='word_1_216' title='bbox 1230 1654 1274 1690; x_wconf 90' lang='lat' dir='ltr'>et</span> <span class='ocrx_word' id='word_1_217' title='bbox 1306 1649 1422 1690; x_wconf 87' lang='lat' dir='ltr'>cedit</span> <span class='ocrx_word' id='word_1_218' title='bbox 1455 1649 1530 1689; x_wconf 88' lang='lat' dir='ltr'>eis.</span> <span class='ocrx_word' id='word_1_219' title='bbox 1594 1646 1839 1690; x_wconf 91' lang='lat' dir='ltr'>Odorabile</span> 
     </span>
     <span class='ocr_line' id='line_1_26' title="bbox 298 1716 1839 1772; baseline 0 -15"><span class='ocrx_word' id='word_1_220' title='bbox 298 1717 431 1770; x_wconf 87' lang='lat' dir='ltr'>igitur</span> <span class='ocrx_word' id='word_1_221' title='bbox 445 1718 487 1758; x_wconf 91' lang='lat' dir='ltr'>in</span> <span class='ocrx_word' id='word_1_222' title='bbox 502 1724 716 1771; x_wconf 86' lang='lat' dir='ltr'>quantum</span> <span class='ocrx_word' id='word_1_223' title='bbox 738 1721 916 1772; x_wconf 89' lang='lat' dir='ltr'>paciens</span> <span class='ocrx_word' id='word_1_224' title='bbox 937 1726 1015 1770; x_wconf 91' lang='lat' dir='ltr'>est,</span> <span class='ocrx_word' id='word_1_225' title='bbox 1037 1718 1201 1760; x_wconf 88' lang='lat' dir='ltr'>emittit</span> <span class='ocrx_word' id='word_1_226' title='bbox 1223 1718 1387 1772; x_wconf 88' lang='lat' dir='ltr'>aliquid</span> <span class='ocrx_word' id='word_1_227' title='bbox 1406 1719 1461 1760; x_wconf 92' lang='lat' dir='ltr'>de</span> <span class='ocrx_word' id='word_1_228' title='bbox 1479 1732 1556 1759; x_wconf 88' lang='lat' dir='ltr'>sua</span> <span class='ocrx_word' id='word_1_229' title='bbox 1573 1716 1839 1767; x_wconf 86' lang='lat' dir='ltr'>substancia,</span> 
     </span>
     <span class='ocr_line' id='line_1_27' title="bbox 298 1787 1839 1843; baseline 0.001 -16"><span class='ocrx_word' id='word_1_230' title='bbox 298 1793 364 1828; x_wconf 85' lang='lat' dir='ltr'>set</span> <span class='ocrx_word' id='word_1_231' title='bbox 393 1801 480 1829; x_wconf 92' lang='lat' dir='ltr'>non</span> <span class='ocrx_word' id='word_1_232' title='bbox 510 1787 551 1828; x_wconf 89' lang='lat' dir='ltr'>in</span> <span class='ocrx_word' id='word_1_233' title='bbox 582 1796 798 1842; x_wconf 89' lang='lat' dir='ltr'>quantum</span> <span class='ocrx_word' id='word_1_234' title='bbox 827 1788 831 1842; x_wconf 88' lang='grc' dir='ltr'>Ι</span> <span class='ocrx_word' id='word_1_235' title='bbox 860 1803 1008 1843; x_wconf 87' lang='lat' dir='ltr'>agens,</span> <span class='ocrx_word' id='word_1_236' title='bbox 1040 1802 1144 1830; x_wconf 89' lang='lat' dir='ltr'>nam</span> <span class='ocrx_word' id='word_1_237' title='bbox 1177 1789 1237 1830; x_wconf 91' lang='lat' dir='ltr'>sic</span> <span class='ocrx_word' id='word_1_238' title='bbox 1270 1788 1373 1829; x_wconf 91' lang='lat' dir='ltr'>facit</span> <span class='ocrx_word' id='word_1_239' title='bbox 1405 1788 1571 1842; x_wconf 90' lang='lat' dir='ltr'>aliquid</span> <span class='ocrx_word' id='word_1_240' title='bbox 1605 1795 1732 1830; x_wconf 88' lang='lat' dir='ltr'>extra</span> <span class='ocrx_word' id='word_1_241' title='bbox 1760 1787 1765 1842; x_wconf 86' lang='grc' dir='ltr'>Ι</span> <span class='ocrx_word' id='word_1_242' title='bbox 1793 1802 1839 1829; x_wconf 91' lang='lat' dir='ltr'>se</span> 
     </span>
     <span class='ocr_line' id='line_1_28' title="bbox 298 1858 1934 1914; baseline 0.004 -17"><span class='ocrx_word' id='word_1_243' title='bbox 298 1858 342 1898; x_wconf 90' lang='lat' dir='ltr'>in</span> <span class='ocrx_word' id='word_1_244' title='bbox 374 1871 555 1912; x_wconf 87' lang='lat' dir='ltr'>corpore</span> <span class='ocrx_word' id='word_1_245' title='bbox 586 1858 668 1900; x_wconf 90' lang='lat' dir='ltr'>sibi</span> <span class='ocrx_word' id='word_1_246' title='bbox 701 1859 888 1914; x_wconf 85' lang='lat' dir='ltr'>objecto,</span> <span class='ocrx_word' id='word_1_247' title='bbox 914 1859 1034 1913; x_wconf 90' lang='lat' dir='ltr'>quod</span> <span class='ocrx_word' id='word_1_248' title='bbox 1055 1865 1238 1901; x_wconf 87' lang='lat' dir='ltr'>vocatur</span> <span class='ocrx_word' id='word_1_249' title='bbox 1267 1859 1434 1913; x_wconf 86' lang='lat' dir='ltr'>species</span> <span class='ocrx_word' id='word_1_250' title='bbox 1457 1864 1500 1900; x_wconf 89' lang='lat' dir='ltr'>et</span> <span class='ocrx_word' id='word_1_251' title='bbox 1521 1859 1670 1910; x_wconf 85' lang='lat' dir='ltr'>virtus,</span> <span class='ocrx_word' id='word_1_252' title='bbox 1692 1865 1736 1900; x_wconf 91' lang='lat' dir='ltr'>et</span> <span class='ocrx_word' id='word_1_253' title='bbox 1759 1871 1838 1899; x_wconf 90' lang='lat' dir='ltr'>nec</span> <span class='ocrx_word' id='word_1_254' title='bbox 1861 1881 1899 1913; x_wconf 82' lang='lat'>25</span> <span class='ocrx_word' id='word_1_255' title='bbox 1928 1883 1934 1905; x_wconf 67' lang='grc' dir='ltr'><strong>ι</strong></span> 
     </span>
     <span class='ocr_line' id='line_1_29' title="bbox 296 1927 971 1971; baseline 0.004 -3"><span class='ocrx_word' id='word_1_256' title='bbox 296 1927 546 1969; x_wconf 85' lang='lat' dir='ltr'>substancia</span> <span class='ocrx_word' id='word_1_257' title='bbox 568 1935 634 1970; x_wconf 91' lang='lat' dir='ltr'>est</span> <span class='ocrx_word' id='word_1_258' title='bbox 655 1942 735 1970; x_wconf 91' lang='lat' dir='ltr'>nec</span> <span class='ocrx_word' id='word_1_259' title='bbox 756 1929 971 1971; x_wconf 87' lang='lat' dir='ltr'>accidens.</span> 
     </span>
    </p>

    <p class='ocr_par' dir='ltr' id='par_1_6' title="bbox 296 1997 1932 2471">
     <span class='ocr_line' id='line_1_30' title="bbox 355 1997 1837 2055; baseline 0.005 -19"><span class='ocrx_word' id='word_1_260' title='bbox 355 1997 451 2037; x_wconf 90' lang='lat' dir='ltr'>Nec</span> <span class='ocrx_word' id='word_1_261' title='bbox 473 2003 539 2038; x_wconf 89' lang='lat' dir='ltr'>est</span> <span class='ocrx_word' id='word_1_262' title='bbox 562 1997 635 2038; x_wconf 91' lang='lat' dir='ltr'>illa</span> <span class='ocrx_word' id='word_1_263' title='bbox 656 1999 805 2052; x_wconf 92' lang='lat' dir='ltr'>opinio</span> <span class='ocrx_word' id='word_1_264' title='bbox 827 2013 943 2049; x_wconf 89' lang='lat' dir='ltr'>vera,</span> <span class='ocrx_word' id='word_1_265' title='bbox 965 1998 1052 2053; x_wconf 83' lang='lat' dir='ltr'>que</span> <span class='ocrx_word' id='word_1_266' title='bbox 1072 1999 1166 2041; x_wconf 85' lang='lat' dir='ltr'>vult</span> <span class='ocrx_word' id='word_1_267' title='bbox 1194 2000 1314 2053; x_wconf 88' lang='lat' dir='ltr'>quod</span> <span class='ocrx_word' id='word_1_268' title='bbox 1337 1999 1478 2041; x_wconf 89' lang='lat' dir='ltr'>forma</span> <span class='ocrx_word' id='word_1_269' title='bbox 1499 2000 1674 2043; x_wconf 86' lang='lat' dir='ltr'>celestis</span> <span class='ocrx_word' id='word_1_270' title='bbox 1687 2007 1837 2055; x_wconf 88' lang='lat' dir='ltr'>potest</span> 
     </span>
     <span class='ocr_line' id='line_1_31' title="bbox 297 2066 1840 2124; baseline 0.005 -19"><span class='ocrx_word' id='word_1_271' title='bbox 297 2066 590 2120; x_wconf 86' lang='lat' dir='ltr'>multiplicare</span> <span class='ocrx_word' id='word_1_272' title='bbox 631 2067 861 2110; x_wconf 87' lang='lat' dir='ltr'>materiam</span> <span class='ocrx_word' id='word_1_273' title='bbox 906 2069 1112 2110; x_wconf 89' lang='lat' dir='ltr'>continue</span> <span class='ocrx_word' id='word_1_274' title='bbox 1153 2069 1246 2110; x_wconf 86' lang='lat' dir='ltr'>sine</span> <span class='ocrx_word' id='word_1_275' title='bbox 1295 2070 1617 2124; x_wconf 90' lang='lat' dir='ltr'>deperdicione,</span> <span class='ocrx_word' id='word_1_276' title='bbox 1659 2077 1840 2124; x_wconf 91' lang='lat' dir='ltr'>propter</span> 
     </span>
     <span class='ocr_line' id='line_1_32' title="bbox 297 2137 1835 2192; baseline 0.005 -17"><span class='ocrx_word' id='word_1_277' title='bbox 297 2149 431 2188; x_wconf 87' lang='lat' dir='ltr'>quam</span> <span class='ocrx_word' id='word_1_278' title='bbox 469 2137 886 2191; x_wconf 88' lang='lat' dir='ltr'>multiplicacionem</span> <span class='ocrx_word' id='word_1_279' title='bbox 920 2138 969 2179; x_wconf 83' lang='lat' dir='ltr'>fit</span> <span class='ocrx_word' id='word_1_280' title='bbox 1007 2139 1172 2192; x_wconf 86' lang='lat' dir='ltr'>species</span> <span class='ocrx_word' id='word_1_281' title='bbox 1205 2138 1309 2179; x_wconf 92' lang='lat' dir='ltr'>solis</span> <span class='ocrx_word' id='word_1_282' title='bbox 1347 2146 1391 2180; x_wconf 90' lang='lat' dir='ltr'>et</span> <span class='ocrx_word' id='word_1_283' title='bbox 1421 2139 1648 2181; x_wconf 88' lang='lat' dir='ltr'>stellarum</span> <span class='ocrx_word' id='word_1_284' title='bbox 1680 2140 1724 2181; x_wconf 90' lang='lat' dir='ltr'>in</span> <span class='ocrx_word' id='word_1_285' title='bbox 1755 2140 1835 2182; x_wconf 90' lang='lat' dir='ltr'>hec</span> 
     </span>
     <span class='ocr_line' id='line_1_33' title="bbox 297 2205 1932 2267; baseline 0.004 -22"><span class='ocrx_word' id='word_1_286' title='bbox 297 2205 513 2247; x_wconf 86' lang='lat' dir='ltr'>inferiora.</span> <span class='ocrx_word' id='word_1_287' title='bbox 579 2207 676 2248; x_wconf 88' lang='lat' dir='ltr'>Hec</span> <span class='ocrx_word' id='word_1_288' title='bbox 710 2208 824 2248; x_wconf 90' lang='lat' dir='ltr'>enirn</span> <span class='ocrx_word' id='word_1_289' title='bbox 857 2208 1024 2262; x_wconf 88' lang='lat' dir='ltr'>posicio</span> <span class='ocrx_word' id='word_1_290' title='bbox 1056 2208 1290 2249; x_wconf 86' lang='lat' dir='ltr'>falsissima</span> <span class='ocrx_word' id='word_1_291' title='bbox 1323 2215 1401 2258; x_wconf 89' lang='lat' dir='ltr'>est,</span> <span class='ocrx_word' id='word_1_292' title='bbox 1435 2210 1548 2250; x_wconf 90' lang='lat' dir='ltr'>sicut</span> <span class='ocrx_word' id='word_1_293' title='bbox 1583 2210 1625 2250; x_wconf 94' lang='lat' dir='ltr'>in</span> <span class='ocrx_word' id='word_1_294' title='bbox 1660 2209 1836 2252; x_wconf 89' lang='lat' dir='ltr'>Metha-</span> <span class='ocrx_word' id='word_1_295' title='bbox 1857 2230 1932 2267; x_wconf 76' lang='lat'>30³</span> 
     </span>
     <span class='ocr_line' id='line_1_34' title="bbox 296 2274 1838 2331; baseline 0.005 -17"><span class='ocrx_word' id='word_1_296' title='bbox 296 2274 463 2328; x_wconf 84' lang='lat' dir='ltr'>phisica</span> <span class='ocrx_word' id='word_1_297' title='bbox 486 2291 584 2317; x_wconf 90' lang='lat' dir='ltr'>mea</span> <span class='ocrx_word' id='word_1_298' title='bbox 613 2283 761 2331; x_wconf 88' lang='lat' dir='ltr'>potest</span> <span class='ocrx_word' id='word_1_299' title='bbox 790 2277 969 2319; x_wconf 89' lang='lat' dir='ltr'>cuilibet</span> <span class='ocrx_word' id='word_1_300' title='bbox 997 2284 1160 2331; x_wconf 86' lang='lat' dir='ltr'>patere,</span> <span class='ocrx_word' id='word_1_301' title='bbox 1184 2291 1297 2320; x_wconf 91' lang='lat' dir='ltr'>nunc</span> <span class='ocrx_word' id='word_1_302' title='bbox 1323 2285 1472 2320; x_wconf 89' lang='lat' dir='ltr'>autem</span> <span class='ocrx_word' id='word_1_303' title='bbox 1499 2278 1660 2320; x_wconf 89' lang='lat' dir='ltr'>sufficit</span> <span class='ocrx_word' id='word_1_304' title='bbox 1686 2279 1838 2321; x_wconf 89' lang='lat' dir='ltr'>leviter</span> 
     </span>
     <span class='ocr_line' id='line_1_35' title="bbox 296 2344 1835 2401; baseline 0.004 -17"><span class='ocrx_word' id='word_1_305' title='bbox 296 2344 440 2385; x_wconf 81' lang='lat' dir='ltr'>dicere</span> <span class='ocrx_word' id='word_1_306' title='bbox 476 2346 593 2398; x_wconf 89' lang='lat' dir='ltr'>quod</span> <span class='ocrx_word' id='word_1_307' title='bbox 626 2348 857 2400; x_wconf 84' lang='lat' dir='ltr'>generacio</span> <span class='ocrx_word' id='word_1_308' title='bbox 891 2348 1135 2401; x_wconf 89' lang='lat' dir='ltr'>specierum</span> <span class='ocrx_word' id='word_1_309' title='bbox 1174 2354 1239 2389; x_wconf 92' lang='lat' dir='ltr'>est</span> <span class='ocrx_word' id='word_1_310' title='bbox 1277 2348 1515 2389; x_wconf 87' lang='lat' dir='ltr'>consimilis</span> <span class='ocrx_word' id='word_1_311' title='bbox 1551 2349 1600 2389; x_wconf 83' lang='lat' dir='ltr'>irr</span> <span class='ocrx_word' id='word_1_312' title='bbox 1629 2349 1835 2391; x_wconf 87' lang='lat' dir='ltr'>omnibus</span> 
     </span>
     <span class='ocr_line' id='line_1_36' title="bbox 296 2414 1834 2471; baseline 0.004 -18"><span class='ocrx_word' id='word_1_313' title='bbox 296 2426 394 2454; x_wconf 88' lang='lat' dir='ltr'>curn</span> <span class='ocrx_word' id='word_1_314' title='bbox 421 2415 476 2455; x_wconf 91' lang='lat' dir='ltr'>sit</span> <span class='ocrx_word' id='word_1_315' title='bbox 507 2414 627 2455; x_wconf 94' lang='lat' dir='ltr'>accio</span> <span class='ocrx_word' id='word_1_316' title='bbox 659 2416 856 2469; x_wconf 85' lang='lat' dir='ltr'>univoca,</span> <span class='ocrx_word' id='word_1_317' title='bbox 882 2430 960 2470; x_wconf 89' lang='lat' dir='ltr'>per</span> <span class='ocrx_word' id='word_1_318' title='bbox 990 2430 1122 2469; x_wconf 85' lang='lat' dir='ltr'>quam</span> <span class='ocrx_word' id='word_1_319' title='bbox 1156 2417 1204 2458; x_wconf 86' lang='lat' dir='ltr'>fit</span> <span class='ocrx_word' id='word_1_320' title='bbox 1226 2417 1393 2471; x_wconf 89' lang='lat' dir='ltr'>primus</span> <span class='ocrx_word' id='word_1_321' title='bbox 1415 2418 1595 2459; x_wconf 84' lang='lat' dir='ltr'>effectus</span> <span class='ocrx_word' id='word_1_322' title='bbox 1624 2419 1834 2460; x_wconf 89' lang='lat' dir='ltr'>univocus</span> 
     </span>
    </p>

    <p class='ocr_par' dir='ltr' id='par_1_7' title="bbox 295 2513 1834 2663">
     <span class='ocr_line' id='line_1_37' title="bbox 338 2513 1833 2560; baseline 0.004 -17"><span class='ocrx_word' id='word_1_323' title='bbox 338 2522 358 2550; x_wconf 84' lang='lat'><strong>3</strong></span> <span class='ocrx_word' id='word_1_324' title='bbox 383 2523 458 2543; x_wconf 86' lang='lat' dir='ltr'>esse</span> <span class='ocrx_word' id='word_1_325' title='bbox 475 2524 541 2545; x_wconf 82' lang='lat' dir='ltr'>om.</span> <span class='ocrx_word' id='word_1_326' title='bbox 559 2513 594 2543; x_wconf 92' lang='lat' dir='ltr'><em>D</em></span> <span class='ocrx_word' id='word_1_327' title='bbox 722 2526 741 2553; x_wconf 89' lang='lat'>4</span> <span class='ocrx_word' id='word_1_328' title='bbox 767 2516 895 2557; x_wconf 89' lang='lat' dir='ltr'>medio]</span> <span class='ocrx_word' id='word_1_329' title='bbox 916 2517 1080 2548; x_wconf 90' lang='lat' dir='ltr'>memoria</span> <span class='ocrx_word' id='word_1_330' title='bbox 1096 2516 1131 2546; x_wconf 91' lang='lat' dir='ltr'><em>D</em></span> <span class='ocrx_word' id='word_1_331' title='bbox 1255 2516 1276 2546; x_wconf 90' lang='lat'>8</span> <span class='ocrx_word' id='word_1_332' title='bbox 1301 2515 1380 2558; x_wconf 88' lang='lat' dir='ltr'>nec]</span> <span class='ocrx_word' id='word_1_333' title='bbox 1398 2516 1452 2548; x_wconf 86' lang='lat' dir='ltr'>vel</span> <span class='ocrx_word' id='word_1_334' title='bbox 1469 2516 1504 2548; x_wconf 93' lang='lat' dir='ltr'><em>D</em></span> <span class='ocrx_word' id='word_1_335' title='bbox 1628 2528 1649 2557; x_wconf 94' lang='lat'>9</span> <span class='ocrx_word' id='word_1_336' title='bbox 1672 2517 1833 2560; x_wconf 85' lang='lat' dir='ltr'>transire]</span> 
     </span>
     <span class='ocr_line' id='line_1_38' title="bbox 295 2565 1834 2613; baseline 0.006 -20"><span class='ocrx_word' id='word_1_337' title='bbox 295 2565 428 2594; x_wconf 84' lang='lat' dir='ltr'>transiri</span> <span class='ocrx_word' id='word_1_338' title='bbox 443 2566 474 2595; x_wconf 88' lang='lat' dir='ltr'><em>F</em></span> <span class='ocrx_word' id='word_1_339' title='bbox 585 2575 624 2596; x_wconf 93' lang='lat'>10</span> <span class='ocrx_word' id='word_1_340' title='bbox 648 2566 729 2608; x_wconf 92' lang='lat' dir='ltr'>hoc]</span> <span class='ocrx_word' id='word_1_341' title='bbox 748 2572 782 2597; x_wconf 84' lang='lat' dir='ltr'>et</span> <span class='ocrx_word' id='word_1_342' title='bbox 799 2568 863 2599; x_wconf 92' lang='lat' dir='ltr'>hoc</span> <span class='ocrx_word' id='word_1_343' title='bbox 877 2568 912 2598; x_wconf 92' lang='lat' dir='ltr'><em>D</em></span> <span class='ocrx_word' id='word_1_344' title='bbox 1025 2579 1063 2609; x_wconf 91' lang='lat'>14</span> <span class='ocrx_word' id='word_1_345' title='bbox 1079 2568 1205 2610; x_wconf 83' lang='lat' dir='ltr'>activa]</span> <span class='ocrx_word' id='word_1_346' title='bbox 1223 2568 1420 2600; x_wconf 84' lang='lat' dir='ltr'>accidencia</span> <span class='ocrx_word' id='word_1_347' title='bbox 1437 2569 1472 2599; x_wconf 91' lang='lat' dir='ltr'><em>D</em></span> <span class='ocrx_word' id='word_1_348' title='bbox 1588 2572 1627 2601; x_wconf 91' lang='lat'>16</span> <span class='ocrx_word' id='word_1_349' title='bbox 1649 2571 1834 2613; x_wconf 81' lang='lat' dir='ltr'>odorabili]</span> 
     </span>
     <span class='ocr_line' id='line_1_39' title="bbox 295 2616 1834 2663; baseline 0.006 -18"><span class='ocrx_word' id='word_1_350' title='bbox 295 2616 459 2647; x_wconf 88' lang='lat' dir='ltr'>adorabili</span> <span class='ocrx_word' id='word_1_351' title='bbox 472 2617 505 2647; x_wconf 91' lang='lat' dir='ltr'><em>F</em></span> <span class='ocrx_word' id='word_1_352' title='bbox 574 2629 611 2657; x_wconf 90' lang='lat'>17</span> <span class='ocrx_word' id='word_1_353' title='bbox 633 2619 823 2660; x_wconf 87' lang='lat' dir='ltr'>odorabile]</span> <span class='ocrx_word' id='word_1_354' title='bbox 841 2621 1012 2652; x_wconf 85' lang='lat' dir='ltr'>adorabile</span> <span class='ocrx_word' id='word_1_355' title='bbox 1028 2621 1061 2652; x_wconf 89' lang='lat' dir='ltr'><em>F</em></span> <span class='ocrx_word' id='word_1_356' title='bbox 1137 2622 1176 2651; x_wconf 90' lang='lat'>18</span> <span class='ocrx_word' id='word_1_357' title='bbox 1201 2630 1278 2651; x_wconf 89' lang='lat' dir='ltr'>nam</span> <span class='ocrx_word' id='word_1_358' title='bbox 1296 2621 1424 2660; x_wconf 84' lang='lat' dir='ltr'>patitur</span> <span class='ocrx_word' id='word_1_359' title='bbox 1439 2632 1503 2653; x_wconf 85' lang='lat' dir='ltr'>om.</span> <span class='ocrx_word' id='word_1_360' title='bbox 1521 2622 1556 2652; x_wconf 95' lang='lat' dir='ltr'><em>D</em></span> <span class='ocrx_word' id='word_1_361' title='bbox 1645 2624 1695 2663; x_wconf 88' lang='lat'>18,</span> <span class='ocrx_word' id='word_1_362' title='bbox 1718 2633 1757 2663; x_wconf 91' lang='lat'>19</span> <span class='ocrx_word' id='word_1_363' title='bbox 1774 2633 1834 2654; x_wconf 88' lang='lat' dir='ltr'>ex-</span> 
     </span>
    </p>
   </div>
   <div class='ocr_carea' id='block_1_5' title="bbox 294 2669 1840 2716">
    <p class='ocr_par' dir='ltr' id='par_1_8' title="bbox 294 2669 1840 2716">
     <span class='ocr_line' id='line_1_40' title="bbox 294 2669 1840 2716; baseline 0.006 -18"><span class='ocrx_word' id='word_1_364' title='bbox 294 2669 421 2708; x_wconf 86' lang='lat' dir='ltr'>teriori,</span> <span class='ocrx_word' id='word_1_365' title='bbox 450 2669 622 2711; x_wconf 84' lang='lat' dir='ltr'>interiori]</span> <span class='ocrx_word' id='word_1_366' title='bbox 653 2672 861 2713; x_wconf 84' lang='lat' dir='ltr'>extrinseco,</span> <span class='ocrx_word' id='word_1_367' title='bbox 892 2673 1077 2705; x_wconf 80' lang='lat' dir='ltr'>intrinseco</span> <span class='ocrx_word' id='word_1_368' title='bbox 1103 2673 1138 2704; x_wconf 91' lang='lat' dir='ltr'><em>D</em></span> <span class='ocrx_word' id='word_1_369' title='bbox 1310 2682 1352 2703; x_wconf 88' lang='lat'>20</span> <span class='ocrx_word' id='word_1_370' title='bbox 1375 2674 1572 2716; x_wconf 87' lang='lat' dir='ltr'>odorabilis]</span> <span class='ocrx_word' id='word_1_371' title='bbox 1598 2676 1784 2707; x_wconf 87' lang='lat' dir='ltr'>adorabilis</span> <span class='ocrx_word' id='word_1_372' title='bbox 1807 2676 1840 2707; x_wconf 81' lang='lat' dir='ltr'><em>F</em></span> 
     </span>
    </p>
   </div>
   <div class='ocr_carea' id='block_1_6' title="bbox 294 2721 1832 2815">
    <p class='ocr_par' dir='ltr' id='par_1_9' title="bbox 294 2721 1832 2815">
     <span class='ocr_line' id='line_1_41' title="bbox 295 2721 1832 2769; baseline 0.007 -20"><span class='ocrx_word' id='word_1_373' title='bbox 295 2730 336 2750; x_wconf 88' lang='lat'>22</span> <span class='ocrx_word' id='word_1_374' title='bbox 360 2721 533 2763; x_wconf 88' lang='lat' dir='ltr'>quoniam]</span> <span class='ocrx_word' id='word_1_375' title='bbox 551 2723 628 2762; x_wconf 87' lang='lat' dir='ltr'>quia</span> <span class='ocrx_word' id='word_1_376' title='bbox 644 2722 707 2752; x_wconf 90' lang='lat' dir='ltr'>FD</span> <span class='ocrx_word' id='word_1_377' title='bbox 858 2735 900 2765; x_wconf 88' lang='lat'>25</span> <span class='ocrx_word' id='word_1_378' title='bbox 925 2730 959 2756; x_wconf 90' lang='lat' dir='ltr'>et</span> <span class='ocrx_word' id='word_1_379' title='bbox 976 2726 1084 2757; x_wconf 88' lang='lat' dir='ltr'>virtus</span> <span class='ocrx_word' id='word_1_380' title='bbox 1101 2737 1168 2758; x_wconf 86' lang='lat' dir='ltr'>om.</span> <span class='ocrx_word' id='word_1_381' title='bbox 1186 2726 1220 2757; x_wconf 88' lang='lat' dir='ltr'><em>F</em></span> <span class='ocrx_word' id='word_1_382' title='bbox 1367 2727 1409 2757; x_wconf 86' lang='lat'>26</span> <span class='ocrx_word' id='word_1_383' title='bbox 1431 2727 1606 2769; x_wconf 87' lang='lat' dir='ltr'>accidens]</span> <span class='ocrx_word' id='word_1_384' title='bbox 1624 2728 1781 2760; x_wconf 85' lang='lat' dir='ltr'>accidens</span> <span class='ocrx_word' id='word_1_385' title='bbox 1798 2735 1832 2760; x_wconf 90' lang='lat' dir='ltr'>et</span> 
     </span>
     <span class='ocr_line' id='line_1_42' title="bbox 294 2773 852 2815; baseline 0.007 -12"><span class='ocrx_word' id='word_1_386' title='bbox 294 2773 401 2803; x_wconf 87' lang='lat' dir='ltr'>virtus</span> <span class='ocrx_word' id='word_1_387' title='bbox 420 2773 483 2804; x_wconf 90' lang='lat' dir='ltr'>FD</span> <span class='ocrx_word' id='word_1_388' title='bbox 614 2785 656 2815; x_wconf 87' lang='lat'>33</span> <span class='ocrx_word' id='word_1_389' title='bbox 680 2775 718 2807; x_wconf 90' lang='lat' dir='ltr'>fit</span> <span class='ocrx_word' id='word_1_390' title='bbox 733 2786 801 2809; x_wconf 89' lang='lat' dir='ltr'>om.</span> <span class='ocrx_word' id='word_1_391' title='bbox 818 2776 852 2807; x_wconf 92' lang='lat' dir='ltr'><em>F</em></span> 
     </span>
    </p>
   </div>
  </div>
 </body>
</html>
