1934 3152
822 131 904 174 125

92 230 281 285 plurium
306 228 544 272 effectuum
570 232 795 285 operativa
823 240 892 275 est
924 232 1170 275 communis
1199 248 1331 289 quam
1363 237 1552 291 propria,
1576 252 1628 280 eo

91 300 213 354 quod
243 305 423 354 propter
453 299 536 342 hoc
569 302 744 355 propria
776 303 945 351 dicitur,
970 303 1073 356 quia
1095 310 1262 345 artatur
1289 305 1345 346 ad
1371 318 1497 346 suum
1526 308 1627 348 effe-

90 375 222 411 ctum.
286 368 420 411 Unde
441 375 568 422 pater
588 377 654 411 est
676 385 807 412 causa
829 372 1101 425 particularis
1123 372 1213 423 filii,
1240 380 1305 414 set
1326 373 1389 415 sol
1411 382 1476 415 est
1498 389 1629 417 causa

90 437 361 480 universalis.
425 437 484 479 Et
511 439 678 481 diucius
700 439 839 481 influit
861 440 925 481 sol
949 455 1081 495 quam
1105 449 1242 495 pater,
1269 444 1371 496 quia
1393 451 1520 498 pater
1540 458 1626 485 non

52 527 69 558 5
88 507 317 549 continuat
347 509 678 561 generacionem
716 523 853 563 usque
889 510 932 551 in
966 510 1097 551 finem
1128 511 1238 553 sicut
1274 512 1354 560 sol,
1386 519 1452 554 set
1483 513 1626 555 solum

89 577 242 631 incipit
262 590 338 631 per
359 577 626 618 decisionem
648 579 839 628 seminis,
864 587 907 620 et
935 580 999 620 sol
1021 579 1124 621 facit
1150 580 1295 635 plures
1316 581 1628 636 disposiciones

90 651 223 700 quam
257 651 392 700 pater,
425 653 606 701 propter
634 646 716 689 hoc
749 649 867 702 quod
905 649 996 703 ejus
1030 650 1149 692 accio
1179 651 1459 692 continuatur
1491 666 1627 705 usque

90 715 133 756 in
155 715 286 757 finem
308 716 636 769 generacionis;
671 722 715 758 et
743 716 842 759 ideo
870 717 1030 759 sorcius
1058 726 1102 760 et
1128 718 1227 772 plus
1255 728 1299 761 et
1319 720 1627 762 vehemencius

88 784 192 839 agit,
223 791 267 827 et
298 798 386 826 non
414 785 555 826 solum
578 786 634 827 ad
667 799 762 828 esse
790 786 938 840 prolis,
963 794 1029 829 set
1061 788 1117 829 ad
1148 789 1527 831 continuacionem
1559 790 1625 831 sui

32 872 71 895 ιο
89 867 194 896 esse.
257 854 319 896 Et
343 855 408 895 sol
438 855 579 896 eciam
611 855 710 909 plus
742 855 895 906 influit,
924 857 1027 910 quia
1055 870 1184 898 cause
1213 858 1496 912 particulares
1523 865 1625 900 sunt

86 924 377 966 instrumenta
406 924 500 977 ejus
529 930 574 965 et
602 924 788 966 debilius
816 932 952 979 agunt
981 933 1182 980 respectu
1210 940 1339 968 cause
1360 928 1625 977 universalis,

86 1007 220 1048 quam
243 993 533 1035 instrumenta
550 1000 594 1036 et
615 1008 781 1048 organa
803 1001 1001 1048 respectu
1023 995 1211 1047 artificis,
1233 997 1343 1037 sicut
1359 996 1625 1038 Aristoteles

84 1062 179 1104 vult
210 1063 401 1104 secundo
425 1062 494 1104 De
528 1062 823 1106 Gerzeracz‘one.
887 1064 1006 1104 Nam
1038 1078 1171 1118 agens
1202 1065 1445 1107 universale
1477 1073 1625 1120 potest

86 1132 129 1173 in
147 1134 325 1175 eosdem
347 1131 526 1174 effectus
547 1146 658 1186 quos
680 1139 827 1186 potest
849 1147 985 1186 agens
1007 1133 1280 1187 particulare,
1298 1135 1502 1189 precipue
1523 1149 1622 1176 cum

30 1220 66 1251 ¹5
86 1200 428 1255 conjunguntur,
465 1203 570 1256 quia
607 1203 771 1244 mutuis
812 1202 988 1244 auxiliis
1025 1201 1298 1256 adjuvantur,
1337 1210 1381 1245 et
1417 1204 1623 1259 precipue

85 1272 189 1326 quia
221 1278 412 1313 motores
442 1271 673 1325 agencium
705 1272 1025 1322 universalium,
1054 1272 1232 1324 scilicet,
1258 1272 1495 1321 stellarum,
1521 1279 1622 1314 sunt

62 1341 335 1382 .substancie
363 1340 609 1396 spirituales
638 1348 682 1383 et
712 1355 970 1396 magnarum
1002 1343 1313 1396 operacionum
1336 1356 1414 1396 per
1435 1356 1622 1396 quorum

84 1411 289 1452 virtutem
313 1417 497 1464 possunt
518 1411 644 1453 stelle
666 1410 806 1452 facere
828 1411 1007 1453 effectus
1028 1412 1257 1465 agencium
1282 1412 1622 1466 particularium,

85 1486 151 1521 set
181 1480 267 1521 hoc
297 1480 545 1534 dupliciter,
568 1494 655 1522 uno
689 1481 823 1522 modo
846 1495 923 1535 per
953 1495 1000 1523 se
1030 1481 1072 1521 in
1095 1481 1299 1522 omnibus
1330 1481 1557 1523 elementis
1579 1489 1623 1523 et

28 1568 67 1590 20
87 1549 238 1590 mixtis
255 1547 517 1605 inlanimatis
534 1550 627 1591 sine
648 1550 844 1604 partibus
865 1551 1110 1604 agentibus.
1156 1551 1274 1591 Nam
1291 1550 1415 1592 stelle
1436 1551 1622 1593 alterant
1640 1561 1677 1592 F.
1695 1572 1737 1603 94
1755 1574 1772 1593 a
1793 1574 1820 1594 ,κ

85 1619 314 1660 materiam
337 1619 503 1672 mundi,
525 1620 581 1661 ad
610 1619 773 1661 formas
803 1619 1118 1661 elementorum
1149 1626 1193 1661 et
1222 1620 1461 1661 mixtorum
1484 1621 1620 1661 inani—

82 1695 318 1738 matorum,
351 1694 395 1729 et
427 1689 584 1730 iterum
616 1689 672 1731 ad
701 1690 1007 1744 generaciones
1036 1689 1292 1730 animalium
1322 1703 1379 1729 ex
1411 1688 1617 1745 material

82 1759 337 1811 putrefacta.
400 1758 519 1799 Nam
550 1759 686 1800 virtus
716 1758 816 1800 solis
849 1759 891 1798 in
923 1758 1106 1799 materia
1136 1757 1382 1812 putrefacta
1413 1765 1477 1800 est
1508 1759 1618 1800 sicut
1637 1778 1676 1811 35
1695 1782 1713 1802 a
1735 1779 1758 1801 1.

81 1828 218 1869 virtus
239 1827 377 1881 patris
399 1828 443 1868 in
465 1828 714 1877 seminibus,
741 1834 789 1869 ut
810 1827 1038 1881 Averroys
1061 1827 1166 1868 dicit
1181 1827 1223 1867 in
1238 1831 1282 1880 7⁰
1295 1827 1617 1881 Methapln‘sice,

23 1915 62 1947 25
81 1903 126 1937 et
151 1897 195 1937 in
225 1897 484 1950 propagatis
514 1897 675 1950 plantis
703 1904 748 1939 et
778 1896 1041 1938 animalibus
1072 1897 1208 1938 virtus
1240 1897 1342 1937 solis
1375 1895 1479 1938 facit
1509 1897 1616 1938 illud

79 1967 200 2019 quod
221 1966 358 2006 virtus
380 1966 509 2007 maris
531 1972 575 2006 et
595 1966 730 2019 patris
752 1973 796 2007 et
817 1966 925 2020 plus,
948 1965 1096 2007 multis
1118 1965 1273 2017 modis,
1296 1972 1343 2006 ut
1364 1966 1613 2020 expositum

79 2041 146 2076 est
167 2035 296 2089 prius.
362 2034 442 2077 Set
469 2049 556 2076 non
578 2035 682 2076 facit
711 2035 792 2076 hoc
822 2036 914 2076 sine
935 2035 1094 2076 virtute
1117 2034 1248 2075 maris
1269 2041 1312 2076 et
1333 2036 1481 2089 patris,
1502 2036 1614 2076 sicut

79 2117 157 2146 nec
189 2104 348 2145 artifex
379 2104 471 2145 sine
500 2105 635 2146 securi
665 2105 735 2145 vel
767 2105 853 2145 alio
890 2105 1191 2153 instrumento,
1221 2110 1287 2145 set
1317 2111 1466 2145 tamen
1502 2105 1614 2146 sicut

77 2173 238 2214 artifex
261 2180 325 2214 est
347 2174 587 2227 principale
615 2187 749 2227 agens
775 2180 817 2214 et
846 2187 934 2213 non
962 2174 1136 2224 securis,
1165 2174 1301 2214 immo
1327 2174 1436 2215 sicut
1458 2174 1614 2214 instru-

21 2254 62 2286 30
80 2248 291 2291 mentum,
327 2243 387 2283 ita
421 2243 557 2283 virtus
598 2242 710 2292 solis,
746 2242 829 2283 hoc
873 2248 937 2282 est
974 2242 1067 2292 celi,
1108 2249 1173 2283 est
1209 2242 1447 2295 principale
1482 2257 1616 2297 agens

78 2319 277 2366 respectu
310 2318 463 2353 nature
491 2311 764 2366 particularis
794 2311 1005 2352 inferioris
1033 2325 1180 2353 secum
1206 2313 1490 2365 cooperantis.
1554 2312 1615 2353 Et

77 2381 275 2422 similiter
306 2387 370 2422 est
396 2381 580 2422 materia
612 2381 862 2422 universalis
893 2387 937 2422 et
969 2379 1254 2435 particularis,
1276 2394 1362 2422 non
1394 2381 1537 2422 solum
1570 2382 1613 2422 in

76 2464 235 2504 genere
258 2451 439 2492 materie
461 2464 580 2504 pure,
603 2464 688 2504 que
716 2457 783 2491 est
809 2450 904 2491 sola
933 2450 1114 2491 materia
1142 2456 1185 2490 et
1207 2450 1344 2490 altera
1365 2464 1464 2504 pars
1493 2464 1613 2492 com-

76 2520 222 2574 positi,
246 2527 312 2561 set
345 2521 387 2561 in
414 2519 605 2560 essencia
636 2519 806 2572 generis
836 2518 1084 2574 compositi,
1115 2519 1234 2573 quod
1267 2526 1332 2560 est
1362 2519 1611 2572 subjectum

18 2600 57 2632 35
76 2603 228 2630 verum
251 2596 296 2630 et
317 2588 553 2643 principale
569 2588 878 2641 generacionis,
892 2593 935 2628 et
953 2594 1019 2629 est
1037 2589 1227 2629 essencia
1243 2587 1426 2641 alicujus
1442 2589 1613 2642 generis

120 2679 140 2707 4
164 2668 215 2699 sol
231 2679 299 2699 om.
319 2668 354 2698 D
567 2668 589 2698 6
612 2665 690 2707 per]
709 2677 782 2697 eam
802 2677 864 2707 per
879 2666 943 2697 FD
1098 2666 1322 2708 decisionem]
1339 2666 1567 2698 intencionem
1585 2667 1617 2698 F

80 2730 187 2751 11—12
211 2721 284 2760 ejus
301 2745 310 2752 .
331 2744 338 2752 .
359 2744 367 2752 .
387 2721 614 2751 instrumenta
630 2729 695 2750 om.
714 2718 749 2749 D
907 2728 942 2750 11
968 2718 1088 2760 agunt]
1113 2719 1183 2759 agit
1199 2719 1232 2749 F
1385 2730 1424 2759 13
1449 2719 1552 2761 Nam]
1571 2720 1613 2751 Et

73 2773 140 2811 jam
156 2772 191 2802 D
372 2782 410 2813 15
434 2777 468 2804 et
484 2772 647 2813 precipue
663 2782 731 2803 om.
751 2771 784 2802 D
951 2773 990 2803 18
1013 2771 1191 2813 virtutem]
1210 2776 1433 2812 generantem
1449 2771 1559 2804 Fom.
1578 2772 1613 2803 D

49 2867 55 2870 -
75 2834 118 2865 35
142 2829 194 2856 est
211 2834 277 2856 om.
295 2824 330 2855 D
