1934 3152
808 170 858 225 83

66 283 305 325 materialis
336 288 432 324 tota
461 290 505 324 et
536 283 731 324 totaliter
760 283 911 337 recipit
941 283 1165 325 accionem
1194 282 1365 337 agentis
1395 288 1442 323 ut
1465 288 1604 324 trans-

66 359 259 394 mutetur
293 353 336 393 in
368 352 501 404 aliud,
534 366 613 393 nec
645 353 860 407 contingit
890 352 1055 406 aliquid
1087 353 1308 407 assignare
1339 352 1382 392 in
1414 365 1466 392 eo
1498 353 1603 406 quin

66 421 122 462 sit
164 420 388 474 passivum
426 426 469 461 et
511 421 912 470 transmutandum,
954 433 1060 474 ergo
1097 419 1216 460 nullo
1254 419 1388 460 modo
1426 419 1506 461 erit
1543 418 1602 460 ibi

65 491 270 546 potencia
311 489 538 531 efficiendi.
604 490 719 530 Item
762 490 796 531 si
837 490 921 531 ista
963 489 1158 530 essencia
1198 489 1445 543 composita
1491 486 1495 542 Ι
1544 502 1601 529 ex

25 583 43 615 5
67 561 249 602 materia
278 566 322 600 et
351 558 493 600 forma
522 566 672 614 ageret
701 559 879 613 aliquid,
901 559 985 600 hoc
1014 565 1129 600 esset
1158 572 1234 612 per
1255 557 1442 600 formam
1464 571 1604 608 suam,

65 629 304 671 set1forma
336 642 414 670 sua
450 636 518 670 θεῖ
554 635 651 671 tota
688 629 990 684 promovenda
1027 629 1071 669 in
1104 627 1288 670 formam
1321 627 1603 681 completam,

64 699 174 741 sicut
211 699 395 740 materia
437 699 480 739 in
522 698 762 740 materiam.
821 699 882 739 Et
919 699 1075 739 eodem
1113 698 1246 739 modo
1283 711 1330 739 se
1368 697 1505 739 habet
1546 697 1602 738 ad

66 769 290 811 accionem
314 768 487 822 agentis
509 768 760 816 extrinseci,
784 768 895 810 sicut
919 768 1104 810 materia
1127 767 1244 808 illius
1265 767 1513 820 compositi.

126 839 239 880 Item
262 839 297 879 si
323 838 397 879 illa
420 837 564 879 forma
592 844 757 892 ageret,
778 844 884 880 tunc
913 843 1064 892 ageret
1090 844 1168 879 aut
1199 838 1242 878 in
1266 851 1311 879 se
1334 843 1410 878 aut
1439 837 1482 877 in
1506 849 1600 877 ma—

6 929 47 951 10
65 909 219 951 teriam
241 908 364 962 cujus
387 914 453 949 est
476 907 704 962 perfeccio.
760 908 810 948 In
835 922 881 949 se
903 922 991 949 non
1021 914 1184 962 ageret,
1206 921 1286 948 nec
1313 921 1360 948 se
1381 913 1600 948 transmu-

65 983 190 1028 taret,
208 979 311 1032 quia
333 992 514 1019 movens
537 984 581 1019 et
604 984 775 1019 motum
793 978 959 1018 distant
981 991 1059 1032 per
1075 977 1333 1028 essenciam‚
1355 982 1397 1018 et
1421 989 1601 1017 movens

63 1048 199 1090 habet
230 1047 394 1102 aliquid
426 1047 697 1089 actualitatis
729 1060 862 1102 quam
895 1060 983 1088 non
1014 1046 1150 1088 habet
1182 1046 1359 1097 mobile,
1397 1052 1599 1100 respectu

65 1117 188 1172 cujus
208 1117 476 1160 actualitatis
501 1116 664 1158 mobile
689 1124 756 1159 est
780 1116 823 1157 in
852 1117 1069 1171 potencia,
1093 1123 1160 1158 set
1188 1117 1281 1170 ipsa
1313 1115 1453 1156 forma
1485 1117 1600 1170 prin-

64 1187 162 1241 cipii
186 1187 423 1229 materialis
445 1201 532 1228 non
556 1187 693 1229 distat
715 1201 740 1228 a
762 1201 808 1228 se
829 1187 1070 1228 secundum
1095 1187 1349 1238 essenciam‚
1366 1199 1445 1226 nec
1467 1185 1602 1227 habet

5 1275 43 1307 15
65 1257 233 1311 aliquid
255 1257 526 1300 actualitatis
559 1271 692 1310 quam
723 1270 810 1297 non
842 1256 1017 1298 habeat.
1081 1256 1202 1309 Ergo
1232 1255 1511 1297 manifestum
1535 1262 1602 1296 θεῖ

64 1326 184 1378 quod
214 1339 260 1366 se
285 1330 578 1366 transmutare
610 1337 698 1365 non
724 1329 886 1378 potest.
950 1322 1044 1365 Nec
1068 1323 1285 1377 contingit
1313 1323 1455 1363 dicere
1481 1322 1601 1376 quod

65 1386 306 1436 secundum
329 1395 631 1436 diversitatem
654 1394 848 1447 aliquam
871 1392 927 1434 sit
949 1407 1083 1448 agens
1105 1400 1148 1434 et
1170 1393 1359 1447 pacienS‚
1382 1393 1485 1446 quia
1507 1398 1602 1433 tota

64 1471 108 1506 et
131 1465 327 1506 totaliter
349 1472 414 1506 est
436 1465 614 1519 paciens
636 1470 681 1506 et
702 1464 1038 1505 transmutanda
1059 1463 1101 1503 in
1123 1463 1254 1504 aliud.

124 1535 218 1576 Nec
249 1541 398 1589 potest
429 1534 503 1575 illa
535 1535 675 1575 forma
706 1547 836 1588 agere
869 1534 911 1573 in
946 1533 1175 1574 materiam
1208 1532 1331 1586 cujus
1369 1539 1435 1574 est
1467 1538 1601 1582 actus,

6 1623 46 1645 20
65 1604 185 1646 nulla
207 1605 322 1646 enim
343 1605 482 1646 forma
505 1611 654 1659 potest
676 1617 801 1645 suam
825 1603 1058 1644 materiam
1081 1602 1205 1656 cujus
1229 1609 1294 1644 est
1316 1609 1439 1644 actus
1462 1609 1601 1643 trans-

67 1680 237 1716 mutare
273 1675 354 1715 nisi
396 1674 555 1716 anima.
620 1673 698 1715 Set
731 1679 904 1715 constat
941 1674 1062 1726 quod
1099 1672 1181 1713 hec
1218 1686 1305 1713 non
1342 1679 1407 1713 est
1439 1672 1600 1713 anima.

67 1745 297 1786 Inductive
334 1745 448 1787 enim
484 1744 685 1786 videmus
721 1744 842 1797 quod
880 1743 1020 1785 forma
1060 1743 1172 1797 ignis
1209 1756 1296 1783 non
1337 1748 1603 1784 transmutat

65 1829 188 1857 suam
223 1815 467 1864 materiam,
503 1821 570 1856 set
608 1814 841 1855 materiam
883 1813 994 1855 aeris
1025 1812 1096 1854 vel
1138 1812 1328 1863 alterius,
1371 1818 1414 1853 et
1447 1812 1508 1853 sic
1547 1813 1602 1852 de

67 1884 283 1926 omnibus.
361 1885 422 1926 Et
462 1884 593 1938 hujus
635 1897 767 1925 causa
809 1890 874 1925 est
922 1883 1053 1933 dicta,
1095 1881 1270 1932 scilicet2
1312 1882 1428 1935 quod
1470 1895 1602 1923 omne

5 1969 44 2001 25
66 1968 245 1996 movens
286 1954 419 1996 habet
461 1954 627 2008 aliquid
668 1952 932 1994 actualitatis
973 1952 1093 2006 quod
1130 1965 1217 1992 non
1254 1951 1388 1993 habet
1426 1951 1600 2000 mobile,

65 2030 109 2064 et
135 2029 334 2078 respectu
358 2023 480 2077 cujus
503 2023 666 2064 mobile
689 2029 755 2064 est
777 2023 820 2062 in
850 2022 1066 2076 potencia.
1129 2019 1207 2062 Set
1232 2021 1372 2062 forma
1400 2035 1486 2074 que
1513 2034 1600 2062 non

65 2101 131 2135 θεῖ
162 2095 311 2135 anima
343 2101 408 2135 est
440 2093 558 2134 solus
589 2100 712 2134 actus
744 2092 928 2133 materie
958 2105 1046 2139 sue,
1078 2096 1122 2132 et
1153 2105 1240 2132 non
1272 2091 1404 2132 habet
1434 2091 1599 2144 aliquid

65 2170 211 2219 preter
233 2163 315 2204 hoc
338 2163 457 2216 quod
476 2169 541 2203 est
564 2169 700 2212 actus,
718 2169 762 2203 et
783 2163 883 2203 ideo
907 2161 1088 2202 materia
1110 2174 1190 2202 sua
1205 2166 1377 2201 tantum
1400 2161 1533 2201 habet
1547 2161 1601 2201 de

65 2233 321 2288 actualitate
335 2240 551 2286 quantum
567 2233 675 2287 ipsa.
727 2232 895 2272 Anima
909 2238 1057 2272 autem
1077 2236 1142 2272 est
1165 2230 1248 2272 hoc
1270 2230 1434 2284 aliquid
1458 2236 1603 2284 preter

6 2314 47 2346 30
66 2303 159 2353 hoc,
193 2303 312 2356 quod
347 2309 414 2343 θεῖ
444 2308 568 2343 actus
601 2302 797 2351 materie,
829 2307 873 2342 et
905 2301 1004 2341 ideo
1036 2306 1181 2354 potest
1213 2314 1337 2341 suam
1371 2300 1601 2341 materiam

69 2387 258 2414 movere.
331 2371 614 2426 Quapropter
648 2371 780 2411 nichil
809 2385 834 2411 a
868 2376 992 2425 parte
1025 2370 1224 2424 principii
1263 2369 1500 2411 materialis
1538 2376 1603 2410 est

66 2443 272 2492 activum,
298 2442 378 2482 nisi
401 2442 569 2483 dicatur
590 2441 782 2482 activum
810 2440 867 2481 ab
889 2445 990 2481 actu
1011 2436 1260 2494 aplpetendi
1289 2452 1414 2480 suam
1436 2438 1601 2493 perfec-
1648 2447 1662 2468 2

3 2544 8 2548 .
68 2512 250 2553 cionem.
315 2512 374 2553 Et
406 2512 504 2552 ideo
533 2512 774 2552 tenendum
807 2517 873 2551 est
905 2510 1024 2563 quod
1057 2523 1156 2549 cum
1182 2523 1208 2549 a
1242 2516 1367 2563 parte
1400 2508 1603 2563 principii

70 2581 309 2623 materialis
346 2583 518 2622 dicatur
552 2587 720 2633 natura,
762 2588 805 2621 et
839 2580 1101 2634 principium
1140 2586 1286 2620 motus
1320 2584 1364 2619 et
1400 2579 1604 2634 potencia

111 2692 130 2720 4
156 2681 310 2712 essencia
327 2691 393 2712 om.
413 2681 447 2711 D
557 2681 578 2710 6
601 2679 669 2721 set]
687 2679 715 2709 si
734 2679 766 2708 D
886 2689 908 2718 9
931 2678 988 2710 alt.
1007 2682 1125 2718 ageret
1141 2688 1210 2709 om.
1227 2678 1261 2708 F
1367 2688 1410 2709 20
1434 2679 1525 2709 nulla
1541 2703 1548 2710 .
1568 2703 1575 2710 .
1593 2702 1601 2710 .

67 2739 163 2765 actus
179 2745 246 2766 om.
263 2734 298 2764 D
447 2743 484 2764 21
513 2732 574 2764 Set
590 2743 657 2763 om.
675 2732 710 2762 D
861 2741 902 2770 24
927 2730 1061 2761 scilicet
1078 2741 1142 2762 om.
1162 2730 1198 2761 D
1344 2732 1453 2770 28-30
1477 2736 1510 2762 et
1526 2731 1603 2763 ideo

69 2811 76 2819 .
96 2812 102 2818 .
121 2810 128 2818 .
144 2792 239 2818 actus
256 2797 321 2817 om.
334 2786 399 2817 FD
517 2795 561 2825 30
585 2784 678 2826 ideo]
696 2785 773 2816 ideo
791 2794 859 2814 non
876 2782 941 2813 FD
1057 2792 1095 2822 31
1124 2783 1228 2814 nichil
1245 2794 1310 2814 om.
1329 2783 1362 2813 F
1474 2793 1516 2822 32
1541 2784 1604 2815 nisi

67 2839 197 2883 dicatur
213 2838 357 2870 activum
374 2849 440 2870 om.
455 2838 519 2868 FD
607 2836 808 2878 appetendi]
825 2836 983 2867 eliciendi
996 2835 1046 2866 F:
1071 2835 1239 2866 efficiendi
1255 2836 1290 2866 D
1378 2837 1490 2878 suam]
1508 2848 1602 2868 suam

67 2892 242 2923 materiam
259 2891 293 2921 D
437 2901 478 2931 33
504 2890 598 2932 ideo]
616 2891 692 2921 ideo
709 2890 846 2921 omnino
862 2888 895 2918 F
1033 2898 1074 2927 34
1100 2889 1246 2930 dicatur]
1263 2890 1422 2921 dicuntur
1438 2890 1472 2920 l)

797 2957 874 2988 02

1624 503 1746 526 22a1.
