1934 3152
136 301 258 341 25b1.

147 2338 184 2368 25
202 2328 222 2358 b
243 2338 269 2358 2.

1030 114 1087 154 94

283 219 526 261 universale
555 219 672 273 prius
701 223 768 259 est
800 216 1042 258 secundum
1073 215 1383 270 operacionem
1416 221 1647 258 naturetet
1671 229 1832 258 ‘execu-

282 289 466 332 cionem.
494 287 499 345 1
530 288 610 330 Set
670 287 890 342 posterius
946 292 1012 327 est
1069 286 1311 327 secundum
1366 286 1678 338 intencionem,
1729 287 1834 341 quia

282 360 381 401 finis
422 375 448 401 a
490 366 647 400 natura
692 358 888 399 intentus
929 362 996 398 est
1036 355 1420 410 completissimus‚
1463 363 1508 399 et
1551 344 1675 411 patet
1713 357 1833 411 quod

283 444 372 472 non
408 429 593 484 quiescit
622 435 780 470 natura
808 426 988 481 quando
1020 426 1064 467 in
1094 426 1322 468 embrione
1351 425 1400 468 fit
1431 426 1515 468 hoc
1547 427 1726 480 animal,
1755 427 1833 469 sed

283 507 492 555 operatur
519 500 660 541 donec
683 496 832 539 veniat
860 497 918 538 ad
940 496 1056 539 hunc
1082 497 1326 548 hominem,
1356 504 1400 539 et
1430 497 1530 539 ideo
1560 497 1834 540 individuum

285 571 427 624 magis
461 569 684 623 signatum
720 574 764 609 et
801 567 942 622 magis
979 567 1295 621 particulatum
1330 572 1397 609 est
1431 567 1552 621 prius
1586 568 1836 609 intencione

284 648 451 682 nature.
506 640 566 680 Et
588 643 772 693 propter
792 637 877 679 hoc
904 637 1013 678 dicit
1041 637 1270 688 Averroiz‚
1297 642 1340 677 2⁰
1361 637 1692 692 Methaplzz'sz‘ce‚
1713 638 1834 692 quod

285 711 470 752 materia
499 709 644 763 primo
674 707 830 763 recipit
858 708 1022 749 formas
1051 707 1329 758 universales,
1352 714 1396 749 et
1426 708 1724 750 mediantibus
1753 708 1836 750 illis

283 781 447 822 formas
474 778 777 833 particulares,
805 783 850 819 et
879 777 1039 831 loquor
1068 778 1312 818 secundum
1343 778 1651 833 operacionem
1678 785 1836 820 nature

285 865 371 906 que
410 857 477 892 est
517 849 737 892 contraria
769 847 864 902 ejus
898 847 1147 889 intencioni.
1227 847 1326 889 Hec
1353 853 1456 889 sunt
1486 862 1588 890 vera
1619 855 1835 903 quantum

286 923 343 963 ad
386 934 564 962 omnem
608 924 814 961 naturam
861 925 954 960 tam
998 917 1289 959 universalem
1334 932 1468 972 quam
1511 919 1835 973 particularem.

286 993 405 1033 Nam
435 998 621 1045 utraque
655 989 800 1045 primo
829 995 1036 1044 operatur
1067 988 1234 1030 animal
1266 1002 1400 1042 quam
1438 988 1676 1039 hominem,
1713 997 1781 1033 set
1812 1006 1837 1033 e

287 1075 496 1104 converso
526 1060 727 1102 intendit.
802 1059 1014 1101 Similiter
1043 1060 1099 1100 de
1130 1059 1215 1101 hoc
1243 1058 1424 1100 animali
1453 1065 1499 1100 et
1529 1059 1613 1101 hoc
1643 1059 1834 1102 homine.

288 1132 368 1175 Set
396 1133 432 1173 si
464 1144 771 1185 comparemus
802 1128 1046 1170 universale
1079 1130 1135 1170 ad
1167 1143 1246 1170 sua
1275 1129 1452 1184 propria
1480 1129 1760 1184 particularia
1793 1131 1836 1172 in

287 1203 448 1257 quibus
481 1208 548 1243 est
582 1207 626 1242 et
661 1199 993 1254 multiplicatur,
1027 1206 1076 1241 ut
1109 1199 1335 1240 hominem
1370 1199 1425 1241 ad
1460 1199 1575 1242 hunc
1607 1199 1835 1242 hominem

286 1280 329 1315 et
359 1271 498 1324 illum,
526 1278 570 1312 et
600 1270 763 1312 animal
793 1270 849 1310 ad
877 1270 962 1310 hoc
989 1270 1152 1310 animal
1180 1277 1224 1311 et
1257 1270 1377 1319 illud,
1401 1277 1445 1311 et
1477 1283 1635 1325 corpus
1663 1271 1720 1312 ad
1749 1271 1835 1313 hoc

286 1356 446 1398 corpus
470 1349 514 1383 et
535 1341 657 1393 illud,
679 1346 722 1381 et
751 1339 1049 1381 substanciam
1072 1342 1128 1381 ad
1158 1339 1270 1382 hanc
1299 1340 1600 1382 substanciam
1631 1347 1676 1382 et
1701 1341 1835 1390 illam,

288 1422 332 1456 et
354 1414 415 1455 sic
438 1414 494 1454 de
517 1411 734 1463 omnibus,
758 1416 933 1465 oportet
956 1411 1075 1463 quod
1104 1410 1346 1451 universale
1369 1410 1424 1452 sit
1446 1411 1566 1465 prius
1591 1412 1834 1453 secundum

288 1491 494 1525 naturam
546 1495 632 1535 que
680 1487 748 1522 est
795 1481 931 1521 virtus
981 1481 1164 1534 regitiva
1212 1480 1372 1535 speciei
1422 1481 1689 1534 universalis,
1741 1489 1834 1524 tam

287 1554 527 1595 secundum
562 1551 857 1593 intencionem
891 1549 1007 1590 illius
1039 1557 1194 1591 nature
1230 1564 1364 1605 quam
1402 1552 1643 1592 secundum
1681 1566 1836 1605 opera-

288 1625 473 1674 cionem,
520 1621 626 1675 quia
667 1620 967 1675 principaliter
1008 1628 1216 1673 operatur
1265 1620 1507 1662 universale
1547 1627 1592 1663 et
1633 1622 1835 1665 intendit.

290 1693 368 1735 Set
404 1693 647 1735 secundum
688 1691 996 1746 operacionem
1034 1697 1080 1732 et
1115 1691 1408 1732 intencionem
1447 1699 1613 1740 nature,
1646 1706 1733 1746 que
1769 1699 1835 1734 θεῖ

286 1766 423 1805 virtus
464 1763 647 1817 regitiva
692 1761 918 1811 individui,
955 1767 1020 1802 est
1062 1761 1337 1802 individuum
1373 1761 1492 1816 prius
1529 1762 1723 1804 omnino.
1787 1762 1835 1804 Si

286 1849 389 1876 vero
430 1834 667 1887 loquamur
702 1833 758 1873 de
795 1838 951 1873 natura
989 1831 1221 1872 universali
1256 1845 1340 1885 que
1382 1838 1449 1873 est
1481 1833 1618 1873 virtus
1651 1832 1836 1887 regitiva

288 1905 491 1957 universi,
516 1903 591 1944 illa
613 1902 802 1944 intendit
829 1907 874 1942 et
902 1908 1110 1956 operatur
1137 1901 1412 1943 individuum
1439 1902 1583 1956 primo
1611 1909 1655 1944 et
1678 1903 1836 1957 princi·
1879 1911 1893 1941 .·

289 1975 456 2030 palster,
498 1974 553 2015 de
595 1987 683 2027 qua
726 1977 881 2013 natura
922 1971 1081 2012 dicitur
1122 1971 1165 2011 in
1206 1969 1317 2012 libro
1362 1971 1452 2013 Sex
1491 1972 1833 2027 Prz'ncz'pz'orum.

290 2046 460 2086 Natura
510 2043 682 2085 occulte
730 2047 938 2097 operatur
983 2042 1026 2081 in
1069 2042 1461 2095 rebus,·generat0
1508 2044 1593 2084 isto
1645 2043 1836 2093 homine,

288 2121 522 2169 generatur
556 2114 702 2163 homo,
735 2119 779 2152 et
811 2111 943 2165 hujus
973 2125 1107 2152 causa
1139 2117 1204 2152 est
1239 2113 1359 2164 quod
1393 2125 1529 2153 unum
1565 2113 1834 2154 individuum

289 2183 469 2225 excellit
505 2184 654 2224 omnia
687 2181 948 2223 universalia
980 2182 1033 2222 de
1075 2181 1254 2221 mundo.
1317 2182 1435 2223 Nam
1470 2183 1714 2224 universale
1748 2196 1835 2224 non

1855 512 1872 544 5

1857 861 1896 883 10

1858 1562 1898 1584 20

291 2262 356 2296 est
388 2254 470 2296 nisi
499 2253 805 2295 conveniencia
835 2251 1027 2306 plurium
1061 2251 1400 2293 individuorum.
1459 2253 1563 2294 Duo
1592 2253 1706 2294 enirn
1733 2259 1835 2294 sunt
1855 2261 1898 2292 30

293 2325 536 2366 necessaria
568 2324 809 2374 individuo,
841 2335 976 2362 unum
1009 2321 1212 2362 absolute
1239 2321 1244 2376 ί
1272 2323 1391 2374 quod
1425 2313 1654 2364 constituit
1690 2323 1833 2378 ipsum

291 2401 333 2436 et
355 2394 599 2449 ingreditur
621 2394 715 2448 ejus
739 2392 990 2441 esseneiam,
1014 2397 1062 2432 ut
1083 2392 1230 2432 anima
1254 2398 1298 2433 et
1327 2405 1484 2446 corpus
1508 2392 1673 2434 faciunt
1702 2394 1834 2435 istum

291 2465 526 2512 hominem,
549 2464 667 2505 aliud
690 2470 755 2504 est
785 2463 828 2502 in
854 2475 942 2514 quo
972 2460 1203 2501 conveniat
1230 2474 1330 2502 cum
1359 2461 1446 2502 alio
1468 2462 1647 2503 homine
1673 2470 1717 2503 et
1747 2475 1834 2503 non

289 2547 389 2574 cum
431 2535 554 2574 asino
597 2547 675 2575 nec
717 2545 863 2587 porco,
905 2539 949 2572 et
998 2531 1081 2571 hoc
1131 2537 1196 2571 θεῖ
1242 2545 1370 2571 suum
1418 2532 1672 2573 universale.
1756 2531 1834 2574 Set

291 2603 493 2644 absoluta
536 2610 692 2644 natura
735 2601 946 2643 individui
982 2600 1112 2654 longe
1146 2600 1288 2655 major
1322 2607 1366 2641 et
1408 2601 1562 2642 melior
1598 2608 1662 2643 est
1699 2615 1833 2656 quam
1855 2611 1894 2642 35

292 2672 439 2720 relata,
472 2674 576 2726 quia
607 2673 743 2714 habet
780 2686 872 2713 esse
905 2670 1044 2710 fixum
1080 2684 1157 2725 per
1195 2685 1240 2711 se
1277 2679 1320 2713 ct
1357 2671 1623 2720 absolutum,
1655 2679 1700 2713 et
1737 2673 1834 2713 ideo

336 2795 351 2822 7
377 2788 414 2815 2'
432 2787 723 2829 Methaphisiee]
742 2787 763 2819 1.
783 2788 813 2825 ii,
835 2799 862 2819 c.
885 2798 934 2819 11.
1129 2788 1172 2818 26
1197 2788 1271 2817 Sex
1288 2784 1581 2826 Principiorum]
1600 2785 1645 2824 by
1661 2785 1837 2817 Gilbertus

292 2836 510 2870 Porrctanus.
