1934 3152
167 473 269 496 2a2.

86 811 125 844 F.
144 811 222 852 84b
242 820 271 843 2.

167 2350 273 2381 2b1.

1047 131 1073 171 6

289 247 565 296 naturalium,
602 252 651 287 ut
692 246 983 288 Astronomia
1026 248 1081 287 de
1121 246 1368 295 celestibus,
1404 259 1490 299 que
1531 258 1630 287 cum
1673 244 1833 286 doceat

288 316 344 356 de
377 316 648 357 naturalibus
684 316 920 357 virtutibus
958 323 1001 357 et
1033 316 1378 370 proprietatibus
1414 310 1607 362 celorum
1645 321 1689 364 et
1729 313 1832 355 stel-

289 386 442 434 larum,
480 385 729 439 doceatque
772 386 828 426 de
869 386 1157 440 generacione
1198 391 1243 427 et
1284 385 1547 427 alteracione
1580 383 1832 426 inferiorum

290 470 368 509 per
413 454 602 509 celesltia
643 461 692 495 ut
732 455 791 496 sic
832 461 1063 496 sumantur
1098 455 1264 508 judicia
1306 455 1521 497 naturalia
1562 455 1618 496 de
1658 453 1756 504 hiis,
1788 460 1832 495 et

290 525 421 567 rebus
452 524 778 578 generabilibus
808 531 852 566 et
874 525 1218 579 coruptibilibus,
1244 531 1288 567 et
1319 525 1428 566 fiant
1453 539 1586 580 opera
1617 523 1833 566 naturalia

289 594 414 636 utilia
451 595 495 635 in
531 594 593 635 eis
626 601 670 635 et
704 594 813 635 mira
856 595 899 634 in
937 594 1025 635 eis:
1069 595 1349 636 manifestum
1386 591 1453 636 est
1488 595 1610 649 quod
1648 594 1729 635 hec
1766 599 1833 635 est

287 664 472 706 sciencia
509 664 731 705 naturalis.
793 663 911 704 Nam
950 670 998 704 ut
1032 665 1151 717 prius
1186 665 1229 705 in
1262 664 1593 706 Mathematicis
1628 663 1831 706 habitum

290 742 369 785 est,
385 734 675 775 Astronomia
688 739 755 775 est
771 733 948 788 triplex,
1004 735 1105 775 Due
1130 741 1232 776 sunt
1254 734 1310 775 de
1331 735 1580 788 quantitate
1605 733 1831 776 celestium

291 812 333 846 et
351 805 548 858 parcium
562 803 829 854 habitabilis,
845 818 930 845 una
949 802 952 848 Ι
968 803 1251 858 speculativa,
1266 810 1314 845 ut
1331 805 1373 845 in
1389 804 1644 859 Almagestz'
1658 803 1833 855 tradita,

288 874 374 916 alia
401 874 609 928 practica,
639 880 687 916 ut
716 874 760 914 in
786 873 1030 916 Canonz'bus
1053 879 1097 914 et
1129 874 1308 916 Tabulis
1335 880 1379 915 et
1406 874 1726 924 Instrumentis,
1748 886 1834 927 que

289 946 375 986 due
411 957 498 985 non
539 944 816 986 descendunt
851 946 907 986 ad
944 943 1165 985 naturales
1198 944 1382 986 virtutes
1419 944 1611 986 celorum
1648 951 1703 986 et·
1729 942 1832 994 stel-

288 1015 443 1066 larum,
475 1028 555 1057 nec
592 1015 648 1056 ad
683 1014 970 1056 alteraciones
1004 1013 1254 1055 inferiorum
1292 1014 1569 1063 naturalium,
1600 1027 1744 1067 neque
1775 1015 1833 1055 ad

286 1086 461 1141 judicia,
504 1099 646 1139 neque
683 1099 830 1139 opera,
867 1085 971 1140 quia
1012 1085 1171 1126 horum
1210 1085 1507 1126 consideracio
1549 1085 1739 1138 pertinet
1775 1085 1833 1126 ad

290 1155 616 1211 philosophiam
640 1156 896 1197 naturalem.
961 1155 1022 1196 Et
1052 1155 1151 1196 ideo
1173 1162 1238 1196 est
1261 1155 1395 1196 tercia
1423 1154 1727 1205 Astronomia,
1748 1168 1835 1208 que

291 1226 372 1267 hec
410 1225 625 1267 naturalia
662 1226 706 1266 in
743 1225 977 1267 celestibus
1014 1232 1057 1266 et
1099 1224 1375 1266 inferioribus
1417 1225 1663 1278 investigat,
1699 1237 1834 1278 quam

291 1295 476 1337 tradidit
502 1294 769 1337 Aristoteles
795 1297 838 1336 in
867 1296 1055 1337 sciencia
1083 1296 1138 1336 de
1171 1295 1530 1350 impressionibus
1562 1295 1675 1336 sicut
1704 1294 1836 1337 docet

292 1365 498 1420 Averoys
535 1366 727 1407 secundo
769 1364 859 1408 Celz'
891 1373 935 1407 et
962 1366 1143 1415 Mundi,
1177 1372 1220 1407 et
1255 1365 1364 1407 liber
1398 1366 1569 1407 Novem
1608 1364 1836 1415 Judz‘cum,

292 1441 337 1476 et
367 1435 437 1476 alii
470 1435 554 1477 hoc
585 1436 749 1477 cercius
777 1443 1053 1478 attestantur.
1117 1436 1215 1477 Hec
1246 1443 1395 1477 autem
1430 1435 1718 1477 Astronomia
1748 1441 1836 1477 tra-

292 1505 412 1546 ditur
444 1502 636 1559 perfecte
668 1505 711 1546 in
744 1504 855 1547 libro
892 1506 1103 1547 Plurz‘um
1142 1505 1372 1555 Judz'cum,
1403 1512 1448 1547 et
1481 1505 1523 1546 in
1557 1505 1707 1547 multis
1739 1504 1835 1546 aliis

293 1574 413 1616 libris
435 1576 490 1617 de
511 1575 594 1616 hac
620 1576 818 1626 sciencia,
839 1576 953 1617 sicut
975 1576 1118 1617 sciunt
1140 1576 1215 1630 qui
1238 1576 1280 1616 in
1302 1576 1383 1617 hac
1406 1575 1726 1616 laboraverunt.

353 1645 459 1686 Post
487 1645 721 1686 scienciam
749 1646 974 1686 celestium
1003 1646 1199 1699 sequitur
1226 1645 1409 1686 sciencia
1439 1646 1493 1686 de
1524 1644 1769 1686 Elementis
1792 1645 1835 1685 in

292 1721 506 1768 quantum
528 1721 630 1756 sunt
651 1722 798 1768 partes
827 1716 993 1765 mundi,
1016 1723 1059 1756 et
1081 1715 1167 1757 hoc
1196 1716 1238 1755 in
1260 1721 1475 1768 quantum
1498 1722 1599 1756 sunt
1615 1715 1766 1770 gravia
1791 1721 1835 1756 et

292 1783 414 1832 levia,
436 1791 480 1826 et
498 1784 597 1825 ideo
618 1785 860 1827 constituta
889 1793 955 1826 est
984 1786 1172 1827 sciencia
1199 1786 1253 1826 de
1282 1786 1355 1832 eis,
1380 1799 1466 1839 que
1494 1797 1647 1826 omnes
1670 1784 1835 1839 gradus

292 1860 336 1894 et
367 1854 658 1907 proprietates
690 1855 886 1910 gravium
918 1862 962 1896 et
994 1855 1154 1896 levium
1184 1855 1390 1904 ostendit,
1412 1862 1456 1897 et
1485 1853 1735 1910 hujusmodi
1767 1859 1835 1895 est

291 1923 478 1964 sciencia
519 1925 576 1965 de
620 1925 904 1976 Ponderibus,
938 1925 980 1966 in
1021 1926 1181 1979 quibus
1223 1925 1518 1967 certificantur
1553 1924 1747 1978 gravitas
1790 1930 1833 1965 et

293 1992 448 2034 levitas
485 1999 529 2035 et
570 2001 716 2036 motus
757 1995 956 2050 gravium
998 2001 1041 2036 et
1080 1995 1256 2046 levium,
1298 2009 1384 2048 que
1424 1995 1543 2048 apud
1586 1994 1749 2036 Tebith
1791 2000 1836 2035 et

293 2062 525 2104 Euclidem
550 2070 595 2105 et
617 2064 780 2106 multos
801 2065 910 2107 alios
932 2059 1134 2107 auctores
1157 2065 1330 2119 egregie
1351 2064 1601 2106 ventilatur.

352 2133 455 2174 Post
478 2133 558 2176 hec
580 2135 775 2188 sequitur
799 2135 985 2177 sciencia
1007 2136 1063 2176 de
1091 2135 1295 2176 omnibus
1321 2136 1450 2176 rebus
1479 2133 1729 2175 inanimatis
1749 2146 1835 2187 que

293 2202 403 2244 fiunt
425 2205 568 2257 primo
594 2219 651 2246 ex
680 2205 922 2255 elementis,
953 2212 997 2247 et
1026 2206 1106 2248 hec
1136 2213 1202 2247 est
1226 2205 1436 2255 Alkimia,
1459 2219 1545 2259 que
1566 2205 1696 2246 docet
1723 2217 1833 2257 quo-

1854 543 1872 575 5

1857 891 1896 913 10

1857 1237 1896 1270 Ι5

1856 1587 1898 1609 20

1855 1939 1894 1973 25

294 2274 428 2315 modo
464 2281 641 2316 centum
683 2276 977 2330 quadraginta
1007 2277 1200 2330 quinque
1238 2282 1338 2317 sunt
1371 2275 1609 2317 mixtiones
1646 2274 1834 2316 elemen-
1853 2286 1896 2319 30

294 2350 437 2384 torum
459 2351 503 2386 et
531 2342 536 2398 Ι
565 2347 791 2398 quomodo
819 2353 1082 2399 generantur
1110 2345 1314 2387 humores
1343 2345 1500 2399 primo,
1521 2351 1565 2386 et
1590 2343 1768 2398 spiritus
1790 2349 1834 2384 et

293 2426 472 2466 corpora
510 2421 553 2455 et
591 2416 738 2457 omnia
773 2416 1025 2466 inanimata,
1061 2430 1200 2470 usque
1236 2417 1292 2457 ad
1326 2421 1474 2469 partes
1507 2413 1759 2456 animalium
1789 2419 1834 2455 et

341 2519 377 2548 17
402 2513 572 2548 Averoys
589 2515 753 2543 seeundo
771 2515 852 2544 Geli
869 2516 907 2544 et
925 2512 1080 2554 Mundi]
1097 2512 1165 2543 vid.
1185 2522 1272 2543 com.
1288 2521 1341 2552 57.

336 2589 357 2619 6
380 2589 474 2620 utilia
490 2588 524 2620 in
543 2590 611 2631 eis]
629 2590 724 2621 utilia
741 2589 805 2620 FD
937 2601 958 2629 9
982 2589 1190 2631 habitabilis]
1208 2589 1441 2620 habitabilium
1459 2588 1493 2619 D
1603 2587 1832 2629 speculativa]

293 2640 536 2680 specialissima
553 2642 587 2672 F
603 2642 806 2682 markedfor
819 2653 953 2673 erasure
1131 2652 1171 2674 10
1195 2643 1229 2673 in
1246 2652 1312 2673 om.
1331 2642 1367 2672 D
1525 2652 1560 2672 11
1581 2641 1646 2672 due
1663 2639 1749 2682 non]
1767 2640 1834 2672 due

293 2693 326 2723 in
345 2693 436 2725 nullo
454 2693 520 2725 FD
619 2694 846 2736 descendunt]
864 2695 1042 2726 discedunt
1055 2695 1090 2726 F
1258 2704 1296 2734 14
1313 2693 1546 2734 Astronomia]
1566 2692 1783 2734 philosophia
1799 2691 1834 2723 D

297 2747 336 2775 16
361 2746 647 2788 impressionibus]
666 2747 949 2786 impressionibus
966 2747 1149 2779 celestibus
1166 2747 1231 2778 FD
1426 2756 1463 2786 17
1488 2744 1667 2786 Averoys]
1684 2744 1833 2776 Averois

292 2796 326 2827 in
343 2796 377 2826 D
507 2799 545 2828 18
568 2799 624 2830 alii
642 2798 722 2839 hoc]
740 2799 798 2829 alii
816 2799 851 2829 D
976 2810 1019 2830 20
1042 2799 1169 2840 sciunt]
1188 2799 1304 2830 dicunt
1323 2799 1356 2830 D
1446 2798 1519 2839 qui]
1538 2799 1616 2838 quia
1633 2797 1666 2828 F
1752 2796 1831 2838 hac]

292 2848 354 2880 hac
371 2849 518 2881 sciencia
533 2850 596 2881 FD
728 2854 770 2882 26
793 2851 932 2892 Tebith]
950 2851 1074 2883 Tliebit
1090 2852 1124 2882 D
