1934 3152
834 136 887 179 23

86 240 129 281 in
149 253 248 281 aere
272 238 483 280 calefacto
512 252 590 293 per
611 237 802 292 speciem
842 252 928 279 non
962 238 1148 280 dicimus
1176 239 1296 292 quod
1326 238 1384 279 ibi
1417 245 1483 280 est
1512 239 1623 293 ignis

86 323 164 350 nec
196 309 469 351 individuum
501 308 614 363 ignis
646 307 728 348 sub
760 308 1106 349 dimensionibus
1138 308 1324 362 propriis
1359 314 1402 349 et
1434 307 1491 348 ab
1522 323 1622 349 aere

84 379 314 429 distinctis,
350 384 416 420 set
455 378 576 431 quod
608 391 681 418 aer
723 384 789 418 est
830 377 1095 419 assimilatus
1136 378 1254 432 igni3
1297 378 1413 418 unde
1455 377 1515 418 ibi
1557 385 1622 419 est

84 449 357 490 individuum
390 449 502 489 aeris
534 446 823 488 assimilatum
857 448 944 501 igni
982 462 1059 502 per
1090 448 1295 501 speciem,
1327 461 1412 501 que
1443 454 1624 501 propter

45 537 63 568 5
83 532 207 559 suam
231 518 505 559 debilitatem
524 530 612 557 non
631 524 822 557 meretur
844 517 930 558 dici
953 517 1077 572 ignis,
1101 531 1179 558 nec
1201 517 1475 558 individuum
1498 517 1624 571 ignis,

83 595 127 629 et
158 595 306 636 tamen
338 588 395 628 de
426 593 583 627 natura
615 585 816 640 specifica
853 587 966 639 ignis
1003 593 1070 627 est
1104 587 1175 637 ibi,
1210 593 1425 641 quantum
1461 587 1520 626 ibi
1557 593 1622 627 est

82 657 200 698 aliud
223 670 357 710 quam
379 670 465 704 aer,
488 661 532 696 et
554 656 615 696 sic
644 662 710 696 est
739 656 793 696 de
822 657 967 710 specie
996 655 1186 697 hominis
1214 663 1260 698 et
1280 656 1383 697 solis
1412 662 1455 696 et
1477 654 1621 708 angeli

81 733 122 767 et
145 727 342 767 omnium
364 725 592 779 agencium
621 725 740 778 quod
759 732 940 778 propter
956 725 1230 766 debilitatem
1249 732 1402 766 nature
1419 724 1621 779 specifice

82 795 339 846 maximam,
367 808 453 848 que
482 800 548 834 est
577 795 620 834 in
650 795 804 848 specie,
834 807 921 835 non
953 795 1154 836 dicuntur
1185 795 1361 836 nomine
1391 794 1620 847 agencium

23 878 159 906 10nec
209 864 433 905 individua
481 870 547 905 set
589 864 756 916 species
797 878 874 918 per
915 877 1049 918 quam
1090 865 1361 905 individuum
1405 864 1620 918 pacientis

78 934 344 975 assimilatur
374 933 535 986 agenti.
598 933 659 974 Et
699 933 781 974 hoc
823 934 1020 974 maxime
1060 940 1126 974 est
1167 934 1532 975 considerandum
1575 934 1618 974 in

77 1004 305 1057 speciebus
334 1016 478 1043 rerum
508 1001 512 1057 Ι
541 1003 768 1053 nobilium,
796 1016 882 1056 que
907 1002 1054 1057 perfici
1086 1017 1173 1045 non
1203 1010 1400 1057 possunt,
1426 1017 1528 1044 nam
1561 1004 1617 1045 de
1638 1015 1654 1051 7
1672 1019 1691 1040 a
1710 1018 1742 1041 1-

78 1073 162 1114 illis
180 1073 300 1114 nullo
323 1073 457 1114 modo
474 1073 802 1113 concedendum
825 1078 903 1122 est,
925 1073 1045 1125 quod
1067 1074 1153 1114 sint
1176 1073 1398 1114 individua
1420 1073 1616 1126 ejusdem

77 1143 236 1197 speciei
276 1156 375 1183 cum
418 1142 652 1195 agentibus
696 1142 799 1194 suis,
839 1140 941 1195 quia
983 1148 1084 1183 sunt
1131 1142 1533 1196 incompleffissima,
1574 1149 1618 1184 et

20 1231 56 1263 15
77 1219 243 1265 quanto
267 1212 409 1252 minus
432 1225 526 1253 esse
554 1217 700 1266 potest
730 1212 785 1251 de
814 1218 969 1252 natura
996 1211 1196 1265 specifica
1217 1213 1447 1265 agencium
1474 1219 1541 1253 est
1573 1213 1616 1253 in

74 1282 134 1323 eis
153 1296 162 1333 ;
195 1289 375 1336 propter
405 1282 524 1334 quod
561 1294 649 1321 non
683 1287 895 1322 vocantur
931 1295 1009 1332 res,
1032 1288 1099 1323 set
1133 1282 1273 1335 magis
1308 1281 1615 1323 similitudines

76 1355 233 1393 rerum.
295 1350 517 1404 Quoniam
543 1357 690 1392 autem
719 1349 798 1390 lux
827 1357 1031 1403 potenter
1062 1351 1166 1406 agit,
1196 1357 1244 1392 ut
1274 1351 1352 1392 lux
1377 1352 1482 1393 solis
1511 1351 1617 1394 facit

77 1420 262 1462 multam
300 1420 441 1462 lucem
478 1420 522 1460 in
557 1420 811 1474 corporibus
845 1419 1082 1469 stellarum,
1118 1435 1221 1462 nam
1263 1435 1416 1463 omnes
1453 1421 1615 1462 illumi-

74 1498 234 1532 nantur
260 1489 266 1545 Ι
293 1504 319 1531 a
341 1490 435 1531 luce
462 1489 578 1540 solis,
609 1496 758 1531 tamen
788 1490 862 1531 illa
891 1490 970 1531 lux
997 1491 1258 1532 habundans
1287 1492 1330 1532 in
1360 1491 1613 1546 corporibus
1634 1504 1670 1537 F,
1690 1505 1731 1536 86
1748 1507 1768 1537 b
1789 1515 1816 1538 2,

13 1584 53 1606 20
71 1560 297 1603 stellarum
331 1573 419 1601 non
451 1566 516 1601 est
546 1560 627 1601 nisi
657 1560 825 1614 species
853 1559 960 1602 lucis
993 1561 1159 1611 solaris,
1188 1561 1302 1603 sicut
1330 1562 1373 1602 in
1398 1575 1509 1612 aere,
1531 1561 1613 1602 nisi

70 1631 187 1685 quod
210 1629 354 1672 differt
382 1630 502 1684 quod
532 1642 713 1684 corpora
743 1629 968 1671 stellarum
998 1637 1099 1671 sunt
1127 1631 1314 1672 multum
1338 1632 1486 1681 densa,
1510 1631 1614 1685 quia

71 1700 207 1742 multe
229 1706 373 1754 partes
395 1699 565 1741 celestis
596 1700 846 1741 substancie
874 1707 1194 1754 congregantur
1223 1701 1293 1751 ibi,
1322 1708 1503 1755 propter
1528 1701 1613 1742 hoc

69 1770 190 1823 quod
227 1769 356 1810 stella
387 1769 520 1810 debet
551 1768 712 1810 habere
748 1782 956 1822 magnam
998 1771 1222 1811 accionem
1265 1771 1308 1810 in
1351 1771 1529 1822 mundo,
1567 1777 1612 1812 et

68 1839 252 1880 alterare
288 1845 492 1892 potenter
524 1838 603 1880 hec
641 1838 856 1888 inferiora,
892 1852 979 1880 non
1015 1840 1076 1880 sic
1112 1847 1260 1892 partes
1296 1841 1413 1880 orbis
1447 1840 1490 1880 in
1521 1853 1611 1893 quo

68 1914 156 1949 stat
190 1908 334 1958 stella,
368 1915 415 1950 ut
453 1908 560 1949 dicit
596 1908 824 1962 Averroys
862 1909 1056 1950 secundo
1097 1908 1187 1951 Celz'
1218 1916 1261 1950 et
1293 1908 1472 1950 Mundi.
1549 1909 1612 1951 Et

67 1978 171 2030 quia
203 1978 340 2019 multe
372 1984 474 2018 sunt
506 1984 652 2031 partes
684 1978 764 2019 celi
801 1984 1032 2032 compacte
1068 1979 1112 2019 in
1143 1992 1302 2033 corpus
1338 1978 1477 2028 stelle,
1511 1979 1610 2021 ideo

68 2047 206 2088 multe
227 2053 327 2087 sunt
349 2054 497 2101 partes
519 2048 678 2102 speciei
701 2047 809 2089 lucis
830 2047 958 2088 simul
981 2055 1234 2102 aggregate,
1252 2062 1337 2102 que
1358 2048 1402 2088 in
1424 2062 1609 2103 corpore

67 2131 164 2158 raro
201 2117 556 2171 dispergerentur
596 2118 638 2157 in
680 2131 743 2166 eo,
781 2123 826 2158 et
862 2130 949 2158 non
985 2116 1193 2167 lucerent,
1229 2119 1340 2159 sicut
1370 2119 1529 2159 accidit
1565 2119 1609 2158 in

66 2186 246 2227 orbibus
279 2193 322 2227 et
355 2187 397 2226 in
429 2200 540 2227 aere.
603 2187 706 2227 Non
737 2187 868 2240 igitur
900 2187 1013 2228 ultra
1045 2188 1235 2240 speciem
1274 2187 1325 2229 fit
1360 2187 1526 2241 aliquid
1564 2188 1608 2228 in

7 2279 48 2310 30
66 2255 251 2310 corpore
302 2255 428 2297 stelle
469 2263 650 2309 propter
695 2256 1041 2310 corrupcionern‚
1081 2263 1147 2297 set
1196 2262 1378 2310 propter
1425 2270 1606 2310 congre-

65 2326 294 2379 gacionem
319 2324 558 2366 multarum
581 2326 777 2378 parcium
800 2325 881 2367 celi
903 2326 946 2366 in
968 2325 1107 2375 stella,
1126 2332 1450 2380 congregantur
1467 2326 1606 2368 multe

65 2401 212 2449 partes
241 2395 399 2449 speciei
432 2394 553 2443 lucis,
586 2402 630 2436 et
662 2396 762 2436 ideo
793 2401 1022 2449 apparent,
1054 2402 1098 2436 et
1129 2395 1178 2436 fit
1205 2395 1330 2437 fortis
1361 2396 1529 2449 species
1561 2397 1604 2437 in

9 2512 13 2514 ,
66 2465 141 2515 eis,
163 2471 207 2506 et
229 2471 378 2518 potest
400 2463 543 2505 facere
565 2464 756 2518 speciem
780 2478 904 2505 suam
927 2471 1055 2505 extra
1076 2477 1123 2505 se
1145 2465 1257 2506 sicut
1278 2464 1356 2506 sol.

109 2565 150 2595 25
175 2557 366 2593 Averroys
384 2557 550 2587 seeundo
567 2557 649 2586 Geli
665 2558 704 2586 et
720 2554 875 2596 Mundi]
894 2555 928 2585 in
946 2564 1034 2587 com.
1053 2565 1106 2593 42.

112 2644 126 2665 1
154 2633 335 2676 calefacto]
354 2633 536 2665 calefaccio
555 2632 639 2664 Mss.
706 2642 770 2672 3—4
786 2633 877 2664 unde
890 2657 898 2664 .
912 2656 922 2665 .
940 2656 948 2664 .
967 2633 1035 2672 igni
1049 2643 1114 2664 om.
1125 2632 1161 2663 D
1226 2643 1246 2672 4
1263 2633 1349 2674 igni]
1363 2638 1476 2664 tamen
1490 2634 1561 2674 igni
1576 2634 1610 2665 F

64 2688 86 2717 6
102 2685 231 2727 tamen]
245 2686 418 2718 tantumF
497 2686 518 2716 8
534 2684 641 2726 quod]
655 2690 689 2716 et
705 2685 738 2715 F
835 2695 874 2716 10
898 2684 978 2726 nec]
996 2687 1031 2715 ve
1048 2685 1090 2716 M
1175 2696 1214 2725 13
1230 2686 1504 2728 eoncedendum]
1522 2698 1602 2718 con-

65 2738 282 2769 siderandum
299 2738 333 2768 D
404 2748 441 2777 17
465 2736 596 2778 autem]
615 2742 650 2767 ut
667 2737 702 2767 D
791 2747 831 2777 19
846 2736 936 2778 luce]
950 2737 1076 2768 lumine
1092 2737 1128 2768 D
1205 2747 1248 2777 23
1271 2738 1389 2779 debet]
1411 2739 1553 2770 debetur
1568 2739 1605 2769 D

67 2800 109 2829 24
134 2789 219 2831 non]
235 2801 311 2821 narn
328 2790 363 2821 D
451 2790 560 2829 25-26
586 2789 628 2820 Et
642 2789 737 2831 quia]
755 2789 845 2828 Quia
861 2788 895 2819 D
985 2790 1026 2820 28
1051 2789 1347 2832 dispergerentur]
1362 2791 1605 2831 dispergentur

66 2842 105 2873 F
141 2842 310 2884 lucerent]
328 2842 482 2874 lucerent
499 2842 534 2873 in
552 2852 592 2874 eo
609 2841 643 2872 F
741 2851 785 2881 30
802 2847 859 2883 pr.
875 2841 1032 2884 propter]
1051 2853 1113 2884 per
1127 2842 1193 2874 FD
1280 2853 1322 2884 32
1344 2844 1474 2884 speciei
1491 2854 1559 2876 om.
1576 2844 1610 2875 F
