1934 3152
794 150 846 195 51

55 254 291 309 analogice,
314 256 553 298 secundum
584 258 701 311 quod
731 271 818 300 non
840 263 907 301 est
928 271 1037 313 pura
1051 257 1279 300 diversitas
1295 258 1406 301 inter
1426 259 1587 315 signifi-

54 331 166 374 cata,
187 332 254 366 set
284 326 593 368 conveniencia
625 326 772 381 aliqua
797 327 1002 370 absoluta
1028 328 1269 370 secundum
1300 329 1420 383 quod
1453 343 1586 371 unum

57 401 124 437 est
154 397 210 437 de
241 395 435 437 essencia
467 402 511 437 et
542 396 791 438 substancia
823 397 1012 451 alterius,
1043 404 1254 452 tanquam
1286 413 1384 453 pars
1420 400 1589 449 tocius;

56 478 170 515 nam,
199 471 247 506 ut
279 465 322 506 in
343 465 677 519 Methaplzisz'cz's
710 466 879 521 plenius
911 467 1073 521 scripsi,
1103 468 1298 522 quinque
1332 475 1433 510 sunt
1468 469 1588 510 modi

18 552 35 584 5
57 534 416 588 equivocacionis.
498 535 669 577 Primus
719 543 785 578 est
834 538 1012 591 quando
1063 544 1131 580 est
1180 537 1310 592 plena
1361 539 1591 581 diversitas

56 604 260 647 absoluta
300 612 343 646 et
387 604 537 657 relata,
572 613 620 647 ut
661 606 796 648 homo
838 613 1034 648 mortuus
1074 614 1118 649 et
1153 608 1288 649 vivus.
1349 606 1591 662 Secundus,

58 675 234 728 quando
266 673 384 716 nulla
415 681 481 716 est
516 674 721 717 absoluta
751 677 1060 718 conveniencia
1091 683 1157 719 set
1189 677 1331 718 solum
1363 677 1512 729 relata,
1543 686 1590 720 ut

59 745 101 785 in
138 744 280 786 modis
320 744 426 787 sani.
491 745 668 799 Reliqui
706 746 825 787 modi
867 746 1032 788 habent
1073 747 1427 789 convenienciam
1463 749 1590 790 abso·

61 814 210 856 lutam.
292 812 371 855 Set
412 814 572 856 tercius
625 816 782 856 modus
823 822 889 857 est
937 817 1114 870 quando
1154 816 1271 858 idem
1316 831 1477 859 nomen
1525 826 1591 860 est

1 903 41 926 10
61 884 197 938 partis
230 891 273 926 et
305 885 458 927 tocius.
537 885 598 927 Et
629 891 810 938 quartus
842 886 1036 927 essencia
1057 886 1230 940 generis
1262 894 1326 928 est
1357 887 1526 929 variata
1548 888 1591 927 in

59 953 300 1007 speciebus,
348 954 586 995 secundum
636 955 925 996 Aristotelem
973 955 1016 996 in
1063 959 1108 1008 7⁰
1151 955 1441 1005 Plzz’sicorum,
1491 956 1592 998 licet

58 1020 223 1074 logicus
236 1028 373 1075 ponat
390 1035 528 1075 genus
541 1035 636 1063 esse
653 1022 897 1072 univocum,
907 1022 979 1076 qui
995 1021 1322 1075 superficialiter
1336 1023 1592 1065 considerat.

59 1089 251 1144 Quintus
283 1091 440 1132 modus
474 1097 542 1133 est
577 1092 754 1145 quando
787 1092 903 1133 idem
939 1091 1208 1145 significatur
1238 1093 1514 1134 nominaliter
1550 1100 1594 1134 et

59 1160 398 1214 participialiter,
440 1168 488 1202 ut
527 1175 684 1202 amans
722 1160 842 1203 illius
881 1174 1040 1202 nomen
1081 1168 1159 1211 est,
1200 1168 1244 1203 et
1280 1176 1436 1203 amans
1470 1163 1594 1205 illum

0 1251 40 1284 15
61 1230 338 1284 participium
362 1237 440 1271 est.
503 1230 615 1273 Cum
645 1231 777 1286 igitur
804 1230 1054 1273 substancia
1081 1231 1237 1272 dicitur
1264 1233 1320 1273 de
1348 1233 1594 1285 composita

61 1306 106 1341 et
127 1300 327 1354 simplici,
349 1300 430 1341 erit
459 1301 618 1342 modus
645 1301 815 1350 tercius,
837 1301 940 1355 quia
968 1314 1129 1342 nomen
1158 1301 1318 1342 dicitur
1346 1302 1401 1343 de
1429 1309 1525 1343 toto
1551 1307 1594 1342 et

62 1371 118 1412 de
139 1377 276 1425 parte,
296 1376 362 1411 set
391 1370 426 1410 si
454 1383 757 1424 comparemus
787 1383 949 1411 nomen
970 1371 1217 1412 substancie
1244 1371 1301 1413 ad
1329 1368 1336 1425 1
1363 1371 1592 1413 materiam
1616 1383 1653 1415 F.
1673 1384 1713 1425 89
1731 1393 1748 1414 a
1767 1393 1798 1417 2.

61 1446 105 1481 et
141 1438 342 1489 formam,
377 1452 464 1480 non
506 1440 562 1481 ad
599 1440 907 1494 compositum,
943 1440 1004 1481 sic
1044 1448 1109 1482 est
1150 1441 1369 1482 secundus
1406 1441 1593 1497 modus}

63 1509 413 1562 equivocacionis
435 1515 479 1550 et
509 1509 676 1563 primus
705 1509 919 1565 analogie,
947 1510 1051 1564 quia
1080 1511 1121 1551 in
1145 1509 1219 1552 illo
1247 1511 1438 1552 secundo
1463 1512 1595 1552 modo
1617 1528 1653 1559 13
1671 1518 1692 1550 b
1711 1529 1742 1550 2.

3 1598 46 1621 20
64 1578 309 1632 significata
336 1568 430 1620 ¹non
461 1580 727 1622 conveniunt
758 1580 801 1620 in
833 1580 980 1634 aliquo
1011 1580 1231 1627 absoluto,
1265 1586 1312 1621 ut
1349 1581 1392 1621 in
1423 1581 1598 1621 nomine

63 1649 285 1690 communi
303 1649 486 1691 creatori
509 1656 552 1691 et
570 1656 777 1701 creature,
794 1656 838 1692 et
855 1650 898 1691 in
915 1650 1090 1692 nomine
1111 1651 1333 1692 communi
1351 1651 1599 1692 substancie

64 1726 107 1760 et
143 1719 369 1769 accidenti,
407 1726 451 1760 et
492 1718 537 1759 in
574 1719 718 1761 modis
754 1720 859 1768 sani,
895 1727 939 1761 et
976 1720 1038 1762 sic
1071 1721 1126 1762 de
1163 1720 1344 1761 materia
1378 1726 1422 1760 et
1459 1720 1599 1761 forma

63 1788 183 1841 quod
207 1789 250 1829 in
272 1787 392 1830 nullo
414 1788 680 1830 conveniunt
702 1789 918 1831 absoluto.
981 1788 1070 1831 Sed
1092 1789 1272 1830 omnino
1293 1789 1500 1831 differunt
1522 1803 1600 1842 per

63 1857 315 1908 essenciam‚
329 1857 573 1898 referuntur
588 1865 738 1899 tamen
752 1858 995 1900 adinvicem
1014 1859 1346 1912 comparacione
1364 1858 1600 1908 essenciali‚

5 1944 43 1976 25
65 1927 169 1980 quia
198 1927 383 1969 materia
413 1934 478 1968 est
507 1927 706 1981 subjecta
735 1927 884 1978 forme,
914 1934 958 1969 et
987 1927 1127 1969 forma
1156 1928 1371 1982 perfeccio
1403 1929 1598 1969 materie.

66 1998 113 2040 Si
148 2011 255 2038 vero
296 1997 466 2038 dicatur
506 1999 626 2052 quod
664 2005 819 2040 natura
859 1998 1096 2039 accidentis
1136 1997 1390 2039 excluditur
1429 2011 1454 2038 a
1494 1998 1598 2039 sub-

65 2067 234 2108 stancia
264 2067 520 2120 composita,
553 2072 598 2108 et
628 2081 654 2107 a
685 2068 867 2109 materia
899 2074 942 2108 et
973 2067 1125 2119 forma,
1155 2080 1259 2121 ergo
1291 2080 1369 2120 per
1403 2066 1595 2120 aliquam

64 2149 346 2178 communem
388 2143 589 2178 naturam
632 2151 717 2191 que
758 2137 998 2190 reperiatur
1037 2137 1079 2177 in
1120 2136 1214 2184 hiis,
1251 2137 1458 2191 precipue
1500 2150 1597 2177 cum

65 2219 199 2246 unum
232 2218 319 2245 non
345 2206 584 2259 opponitur
612 2206 760 2247 multis
787 2206 945 2247 eodem
972 2219 1130 2259 genere
1160 2206 1461 2260 opposicionis‚
1491 2212 1535 2247 et
1563 2206 1598 2246 si

6 2291 48 2323 30
66 2289 200 2317 unum
243 2275 496 2329 oppositum
532 2281 598 2316 est
646 2276 917 2330 equivocum,
958 2282 1002 2316 et
1044 2275 1269 2329 reliquum.
1351 2275 1598 2318 Dicendum

65 2346 184 2400 quod
215 2345 283 2386 vel
316 2351 489 2398 oportet
520 2345 640 2398 quod
672 2345 864 2398 privacio
895 2345 1130 2386 accidentis
1158 2345 1414 2398 reperiretur
1446 2345 1489 2385 in
1518 2345 1600 2386 hiis

65 2416 203 2456 tribus
225 2429 302 2469 per
323 2420 524 2455 naturam
555 2428 834 2456 communem
857 2414 912 2455 de
941 2416 1002 2455 eis
1030 2413 1343 2468 predicabilem
1373 2415 1491 2469 quod
1514 2427 1601 2454 non

13 2560 18 2564 ι
113 2529 149 2549 11
176 2516 431 2558 Phisieorum]
450 2516 470 2548 l.
490 2516 544 2557 vii,
564 2526 592 2546 c.
610 2525 652 2555 34
670 2515 769 2547 ‘Non
794 2517 884 2548 enim
909 2516 1073 2548 habemus
1095 2526 1229 2557 nomen,
1248 2515 1339 2556 quod
1359 2516 1510 2547 continet
1532 2516 1601 2547 duo

66 2571 129 2602 hec
144 2583 154 2602 ·.
177 2594 185 2602 .
204 2571 226 2602 .’

113 2663 128 2684 1
154 2652 346 2694 analogice]
372 2653 530 2692 anologie
542 2652 599 2683 M:
617 2651 796 2691 anologice
812 2652 847 2682 F
920 2651 1125 2693 significata]
1143 2651 1374 2692 significaucia
1389 2651 1423 2682 F
1503 2662 1524 2682 2
1547 2662 1600 2683 se-

66 2705 230 2746 cundum]
245 2705 376 2737 scilicet
392 2705 456 2735 FD
543 2715 562 2744 4
589 2703 862 2744 Methaphisicis]
879 2703 1130 2745 Methaphisica
1145 2704 1180 2735 D
1270 2715 1287 2744 7
1312 2704 1434 2744 solum]
1452 2704 1526 2735 sola
1540 2704 1603 2734 FD

70 2767 111 2789 10
134 2756 285 2798 quartus]
296 2768 329 2798 q.
344 2763 380 2789 ut
393 2756 477 2789 Mss.
548 2767 586 2788 12
610 2755 886 2797 superficialiter]
902 2757 1172 2788 sufficialiterF:
1196 2763 1279 2798 supe
1292 2756 1333 2786 M
1398 2766 1435 2796 15
1461 2756 1600 2798 dicitur]

68 2809 200 2841 dicatur
214 2809 278 2840 FD
377 2810 416 2840 16
440 2809 582 2851 nomen]
600 2809 688 2840 idem
706 2819 830 2840 nomen
847 2808 882 2839 D
981 2819 1019 2848 17
1045 2809 1086 2840 de
1103 2820 1169 2841 om.
1187 2809 1251 2840 FD
1348 2819 1391 2848 30
1416 2808 1600 2851 reliquum]

68 2863 232 2904 reliquum
249 2863 314 2895 erit
329 2861 366 2894 D
479 2860 685 2902 Dicendum]
704 2861 894 2893 Dicendum
912 2866 965 2894 est
980 2861 1044 2893 FD
1217 2871 1260 2902 32
1284 2860 1350 2903 eis]
1368 2861 1434 2893 hiis
1448 2861 1484 2892 D

798 2927 875 2961 ΕΖ
