1934 3152
119 440 244 482 37b1.

71 1248 106 1279 F.
124 1256 250 1290 95³2·

999 45 1083 88 134

267 148 328 190 Et
355 162 486 191 cause
513 149 684 192 infinite
713 157 815 192 sunt
846 148 1142 190 accidentales
1174 155 1218 190 et
1255 162 1341 190 non
1374 161 1452 202 per
1477 162 1534 189 se.
1580 146 1816 194 ¹Similiter

260 219 395 273 juxta
447 220 751 261 invencionem
804 232 916 272 aque
969 224 1118 273 potest
1158 219 1413 273 contingere
1454 218 1700 268 thesaurus,
1745 215 1814 258 vel

267 303 450 344 pannus,
484 289 554 330 vel
588 290 674 330 alia
707 287 890 330 infinita.
955 289 1101 331 Causa
1133 289 1266 343 igitur
1296 289 1392 343 ejus
1423 295 1491 330 est
1523 287 1598 328 illa
1628 300 1697 337 res
1729 299 1816 341 que

266 360 457 400 intendit
493 360 535 399 in
570 366 785 412 quantum
820 364 969 413 potest
1002 358 1174 400 infinita
1205 359 1435 402 intendere
1466 357 1626 412 quibus
1657 356 1817 398 accidit

268 430 467 471 casuale:
498 437 542 471 et
566 430 666 471 ideo
694 428 699 484 Ι
728 430 848 483 quod
875 435 942 470 est
974 443 1053 483 per
1084 443 1130 470 se
1163 435 1364 484 respectu
1395 428 1564 477 intenti,
1593 434 1660 469 est
1685 440 1817 468 causa
1836 443 1855 478 5

266 513 344 552 per
375 500 578 541 accidens
610 506 812 554 respectu
844 499 1046 550 casualis,
1078 506 1123 540 et
1155 499 1198 539 in
1229 505 1445 553 quantum
1479 504 1546 539 est
1576 511 1710 539 causa
1741 510 1819 551 per

267 570 481 619 accidens,
519 569 580 610 sic
614 576 681 611 est
703 576 902 624 respectu
926 582 1016 610 non
1051 569 1221 620 intenti,
1243 576 1288 611 et
1320 582 1446 610 casus
1479 574 1680 622 respectu
1714 580 1818 608 vero

268 639 423 680 intenti
459 646 526 681 est
559 653 696 695 agens
733 653 812 695 per
844 646 1048 681 naturam
1081 639 1150 680 vel
1183 653 1260 693 per
1291 638 1562 680 intellectum
1595 650 1683 691 que
1715 641 1819 678 sunt

269 722 347 762 per
379 723 425 750 se
456 711 652 764 agencia.

334 866 582 922 Capitulum
603 875 674 919 4¹1².
726 869 778 910 de
798 869 1059 924 exposicione
1081 867 1337 910 intencz'onz's
1358 873 1527 917 nature,
1549 873 1594 908 et
1611 863 1819 920 quomodo

269 939 500 992 intentum,
518 939 688 989 scilicet,
710 938 827 994 finis
855 939 1039 991 imponit
1063 938 1357 979 necessitatem
1385 936 1512 979 rebus
1541 934 1822 978 naturalibus

268 1023 363 1049 cnm
385 1022 407 1050 e
427 1022 627 1051 converso
638 1008 732 1064 fiat
750 1011 796 1051 z'n
818 1009 1040 1051 doctrinis.

327 1101 460 1142 Nunc
490 1115 595 1142 vero
626 1102 682 1143 ad
717 1101 989 1142 evidenciam
1022 1100 1323 1155 predictorum
1355 1100 1457 1141 volo
1494 1111 1722 1152 exponere
1757 1097 1820 1138 in-

271 1171 517 1213 tencionem
565 1180 734 1221 nature,
777 1179 822 1214 et
864 1172 969 1226 quid
1010 1172 1214 1225 imponat
1255 1171 1563 1211 necessitatem
1605 1169 1649 1209 in
1690 1168 1822 1210 rebus

271 1241 557 1283 naturalibus.
646 1242 847 1284 Intencio
868 1257 973 1283 vero
1001 1240 1006 1297 Ι
1036 1248 1203 1289 nature,
1226 1241 1402 1291 scilicet,
1426 1245 1586 1291 create,
1607 1245 1651 1281 et
1682 1236 1821 1292 preci-

272 1326 358 1365 pue
385 1319 539 1353 nature
566 1312 825 1354 universalis
849 1313 893 1353 in
915 1312 1174 1366 corporibus
1197 1309 1443 1359 celestibus,
1466 1315 1511 1350 et
1538 1314 1694 1350 nature
1722 1321 1822 1362 par-

271 1382 467 1423 ticularis
500 1382 569 1423 hic
603 1383 646 1422 in
679 1381 968 1431 inferioribus,
1003 1396 1092 1423 non
1123 1382 1260 1423 habet
1293 1380 1609 1434 cognicionem‚
1645 1385 1689 1420 et
1722 1379 1821 1419 ideo

270 1466 349 1493 nec
378 1452 671 1494 intencionem
697 1466 783 1506 que
805 1453 1003 1506 sequitur
1023 1452 1079 1493 ad
1100 1451 1418 1505 cognicionem,
1436 1456 1502 1492 set
1524 1449 1822 1491 intencionem

272 1522 517 1563 naturalem
555 1537 642 1576 que
674 1530 741 1564 est
775 1523 1000 1576 appetitus
1029 1521 1242 1563 naturalis
1276 1520 1374 1562 finis
1402 1521 1586 1574 alicujus
1611 1519 1732 1574 quod
1756 1524 1823 1559 est

273 1592 477 1633 ultimum
505 1593 548 1633 in
579 1594 846 1635 execucione
871 1599 915 1635 et
941 1594 1135 1648 primum
1169 1593 1212 1632 in
1245 1591 1522 1646 operacione,
1543 1598 1610 1633 set
1641 1604 1728 1631 non
1755 1594 1823 1630 est

274 1663 480 1703 ultimum
513 1663 759 1716 quodlibet,
792 1670 859 1704 set
891 1663 1096 1704 ultimum
1130 1662 1250 1716 quod
1284 1668 1351 1703 est
1383 1661 1548 1702 bonum
1586 1667 1631 1701 et
1668 1659 1823 1701 melius

273 1733 380 1783 aliis,
403 1740 448 1775 et
468 1740 534 1774 est
556 1747 730 1788 semper
752 1734 915 1775 bonum
940 1747 1104 1782 verum,
1127 1745 1351 1785 nunquam
1375 1744 1607 1786 apparens,
1631 1736 1680 1772 ut
1702 1730 1823 1784 prius

273 1803 441 1844 dictum
472 1810 550 1845 est.
613 1803 808 1857 Quando
841 1817 946 1846 vero
984 1803 1057 1845 ille
1089 1802 1187 1844 finis
1218 1802 1386 1851 accidit,
1419 1808 1524 1842 tunc
1554 1800 1724 1841 nullum
1757 1805 1823 1841 est

274 1881 521 1928 peccatum5
560 1874 704 1915 nullus
743 1888 863 1916 error
900 1879 1069 1925 nature,
1103 1887 1182 1915 nec
1219 1872 1485 1926 contingunt
1519 1870 1720 1920 casualia,
1757 1876 1824 1911 set

274 1945 454 1997 quando
493 1945 679 1986 materia
715 1951 782 1986 est
819 1944 1043 1999 superflua
1066 1946 1185 1984 'tunc
1224 1942 1385 1984 accidit
1423 1955 1569 1992 error;
1617 1947 1666 1982 ut
1701 1939 1823 1995 quod

275 2021 404 2054 natus
429 2014 592 2056 habeat
621 2029 701 2056 sex
731 2014 907 2069 digitos,
930 2021 975 2056 et
1008 2014 1096 2055 duo
1129 2014 1291 2067 capita,
1314 2012 1383 2053 vel
1414 2018 1502 2054 tres
1527 2018 1604 2053 aut
1634 2016 1825 2064 quatuor

274 2085 418 2138 pedes,
441 2090 486 2125 et
514 2085 574 2125 sic
607 2086 663 2126 de
695 2085 894 2138 quolibet
925 2085 1125 2126 membro
1160 2082 1383 2137 superfluo
1416 2082 1459 2122 in
1493 2081 1684 2129 animali,
1719 2087 1824 2122 tunc

274 2160 460 2194 vocatur
489 2162 721 2207 peccatum
750 2160 926 2195 nature:
961 2161 1005 2195 et
1027 2153 1226 2195 similiter
1246 2152 1428 2206 quando
1450 2151 1610 2193 accidit
1632 2150 1823 2192 diminu-

275 2224 343 2264 cio
376 2225 562 2265 membri
600 2224 739 2266 debiti
776 2231 958 2279 propter
994 2223 1334 2265 diminucionem
1369 2222 1565 2263 materie.
1629 2219 1825 2274 Quando

274 2307 377 2335 vero
400 2294 561 2335 accidit
591 2295 710 2347 quod
740 2294 888 2348 proles
916 2301 983 2336 est
1011 2293 1190 2335 alterius
1219 2292 1378 2346 speciei
1400 2291 1580 2333 omnino
1603 2297 1656 2332 et·
1669 2302 1824 2331 secun-

275 2364 382 2404 dum
411 2370 571 2417 partes,
601 2371 707 2406 tunc
739 2372 805 2406 est
833 2370 1090 2411 monstrum,
1117 2363 1228 2405 sicut
1261 2362 1421 2415 pluries
1453 2361 1630 2412 accidit,
1663 2367 1706 2402 et
1740 2359 1824 2400 hoc

318 2497 337 2527 5
362 2488 540 2530 respectu]
558 2499 662 2520 causa
679 2493 837 2530 respectu
855 2488 920 2519 FD
1023 2499 1041 2528 7
1067 2492 1227 2528 respectu
1240 2510 1248 2518 .
1265 2511 1273 2518 .
1291 2510 1298 2517 .
1313 2491 1346 2517 et
1363 2496 1429 2518 om.
1447 2484 1520 2516 MF
1605 2485 1626 2515 8
1649 2482 1824 2524 naturam]

276 2540 451 2571 materiam
470 2540 504 2570 D
774 2551 880 2573 10-12
905 2541 1129 2581 exposicione
1147 2564 1155 2571 .
1175 2564 1182 2571 .
1205 2564 1212 2571 .
1232 2537 1412 2580 doctrinis]
1435 2537 1633 2569 intencione
1650 2541 1774 2568 nature
1790 2535 1826 2566 D

279 2602 289 2621 1
301 2603 313 2622 1
348 2592 466 2634 rebus]
499 2593 533 2623 in
566 2593 668 2624 rebus
697 2593 731 2624 F
863 2604 902 2624 12
933 2597 1011 2634 post
1041 2593 1207 2624 doctrinis
1235 2591 1312 2623 add.
1344 2591 1378 2621 F
1416 2591 1423 2607 ‘
1438 2590 1532 2621 Istud
1565 2594 1618 2621 est
1650 2598 1824 2620 annexum

277 2645 467 2676 casualibus
484 2649 519 2676 et
536 2645 686 2677 fortuitis
698 2645 706 2658 '
967 2656 1005 2686 14
1030 2646 1181 2685 imponat
1199 2642 1458 2684 necessitatem]
1477 2641 1637 2683 imposita
1652 2647 1775 2673 natura
1790 2639 1826 2671 D

274 2707 316 2726 22
340 2696 531 2737 nunquam]
548 2708 618 2728 non
636 2697 671 2728 D
884 2708 925 2738 23
949 2698 1006 2729 all.
1027 2703 1078 2729 est
1095 2708 1162 2730 om.
1183 2697 1217 2727 J)
1425 2696 1467 2726 26
1490 2694 1607 2736 natus]
1626 2699 1743 2726 natum
1761 2693 1826 2725 FD

272 2757 315 2787 30
339 2748 470 2791 proles]
488 2749 605 2789 plures
621 2750 654 2780 F

1842 880 1883 903 10

1844 1605 1885 1627 20

1845 1954 1884 1988 ²5

1845 2302 1886 2334 30
