1934 3152
145 583 270 609 1021·

1042 100 1097 156 36

289 226 474 273 'corpora
515 218 771 261 mortalium
813 230 989 272 semper
1037 215 1202 270 exponi
1247 213 1478 269 speciebus
1526 212 1846 270 principalibus
1928 261 1934 272 ⁴

288 289 383 346 sine
424 289 492 330 sui
536 288 838 343 corrupcione‚
881 292 927 328 et
967 285 1069 327 ideo
1109 282 1540 339 temperavit'Deus
1577 283 1726 325 omnia
1767 297 1845 339 per
1928 276 1934 310 ¹

288 358 544 414 hujusmodi
571 358 741 413 species
763 355 1071 399 accidentales.
1674 358 1680 361 ”
1927 315 1934 379 l

348 428 520 483 Quinta
548 430 656 470 vero'
682 433 750 469 est
775 426 919 469 aliena
948 425 1004 467 ab
1031 425 1137 475 istis,
1163 437 1267 465 nam
1297 437 1387 465 non
1415 429 1541 465 tenet
1571 423 1692 479 leges
1721 436 1843 464 com-

287 512 445 540 munes
467 505 635 547 nature,
657 503 723 539 set
751 496 959 538 vendicat
987 494 1071 536 sibi
1100 493 1378 549 privilegium
1396 487 1607 548 speciale.
1672 493 1733 535 Et
1761 493 1842 534 hec
1863 510 1881 542 5

288 568 605 623 multiplicacio
635 567 638 622 Ι
667 581 755 608 non
779 566 827 608 fit
850 555 932 607 nisi
961 566 1004 606 in
1029 565 1178 606 medio
1200 564 1412 614 animato,
1435 570 1483 605 ut
1506 564 1548 605 in
1571 563 1715 605 nervis
1743 577 1842 604 sen-

287 651 415 680 suum
436 652 445 689 ;
477 650 580 678 nam
610 637 779 692 species
806 636 1004 690 sequitur
1024 634 1355 677 tortuositatem
1381 634 1515 683 nervi,
1537 628 1585 675 'et
1609 647 1697 675 non
1721 640 1843 675 curat

286 708 343 749 de
378 707 548 749 incessu
588 713 720 758 recto,
758 712 802 747 et
843 696 929 747 hoc
970 703 1020 746 fit
1056 717 1135 758 per
1171 704 1380 745 virtutem
1417 703 1564 745 anime
1601 703 1843 758 regulantis

283 777 506 819 incessum
527 776 698 831 speciei,
725 776 969 818 secundum
993 774 1114 828 quod
1137 787 1278 828 opera·
1291 774 1351 815 rei
1377 774 1575 816 animate
1602 775 1841 828 requirunt.

287 848 358 889 De
390 847 472 889 hac
503 847 547 888 in
580 846 870 900 perspectivis
901 844 1166 887 veritatibus
1196 843 1364 897 aliquid
1396 844 1571 885 dicitur.
1637 843 1843 901 Quatuor
1866 859 1907 882 ιο

285 917 427 973 prime
468 923 571 958 sunt
615 930 874 959 communes
916 916 1046 959 rebus
1088 915 1242 957 mundi
1285 915 1556 966 inanimatis,
1599 916 1841 957 secundum

285 1002 395 1042 quas
436 995 593 1030 natura
631 987 879 1030 delectatur
915 987 1101 1042 operari,
1143 986 1299 1039 quinta
1335 986 1393 1027 ad
1431 998 1608 1027 sensum
1646 986 1842 1028 noscitur

283 1058 512 1113 pertinere.

345 1186 595 1242 Capitulum
635 1191 702 1228 2¹¹².
761 1185 814 1227 de
849 1185 1210 1240 mnltzplz'cacione
1249 1185 1482 1227 secundum
1513 1185 1719 1241 figuram
1754 1187 1840 1228 cir-

281 1259 474 1300 cularem
493 1264 536 1299 et
545 1255 878 1311 piramidalem.
1864 1269 1925 1311 15,

344 1350 522 1392 Deinde
555 1349 922 1391 considerandum
961 1355 1039 1400 est,
1077 1350 1304 1403 quomodo
1338 1348 1387 1390 fit
1425 1349 1742 1404 multiplicacio
1774 1365 1839 1393 se-
1917 1317 1925 1386 i

281 1421 477 1463 cundum
516 1419 687 1475 figuras.
752 1418 814 1461 Et
840 1424 1019 1473 oportet
1048 1420 1168 1472 quod
1203 1419 1522 1474 multiplicacio
1551 1419 1629 1462 fiat
1658 1422 1838 1476 sperice.

282 1484 403 1532 Nam
427 1504 564 1545 agens
588 1488 853 1543 multiplicat
875 1503 920 1530 se
943 1489 1158 1543 equaliter
1176 1490 1218 1530 in
1241 1490 1360 1531 omni
1383 1496 1508 1545 parte
1530 1497 1574 1532 et
1596 1492 1839 1533 secundum

283 1574 437 1612 omnes
469 1561 737 1613 dyametros,
770 1566 814 1600 et
847 1572 1001 1600 omnes
1027 1559 1304 1601 differencias
1338 1560 1590 1614 posicionis,
1622 1575 1709 1615 que
1737 1570 1839 1605 sunt

282 1643 469 1678 sursum,
491 1630 711 1682 deorsum,
733 1635 851 1679 ante,
874 1635 1003 1678 retro,
1026 1629 1324 1678 dextrorsum,
1341 1629 1653 1672 sinistrorsum.
1716 1632 1838 1687 Ergo
1860 1653 1903 1675 20

282 1701 479 1754 undique
513 1707 678 1741 exeunt
716 1700 831 1740 linee
868 1699 911 1740 in
948 1699 1071 1740 omni
1113 1706 1240 1754 parte
1274 1699 1330 1741 ab
1368 1706 1530 1755 agente
1566 1707 1780 1756 tanquam
1812 1718 1838 1745 a

281 1778 462 1820 centr03
498 1771 567 1812 'set
600 1769 713 1811 linee
740 1769 936 1824 undique
966 1776 1183 1811 exeuntes
1204 1770 1261 1811 ab
1290 1783 1378 1811 uno
1407 1771 1506 1813 loco
1533 1784 1621 1813 non
1651 1780 1837 1826 possunt

280 1841 519 1891 terminari,
542 1840 624 1881 nisi
651 1839 709 1881 ad
735 1838 1012 1893 superficiem
1038 1852 1277 1881 concavam
1306 1853 1447 1894 spere.
1512 1840 1573 1882 Et
1594 1840 1679 1882 hoc
1700 1848 1837 1897 patet,

280 1909 385 1962 quia
422 1906 574 1950 oculus
609 1920 697 1949 non
730 1907 849 1949 videt
886 1907 968 1948 nisi
1000 1921 1078 1966 per
1113 1906 1306 1961 speciem
1343 1909 1607 1951 venientem.
1685 1907 1764 1952 Set
1800 1911 1836 1952 si

279 1978 437 2020 infiniti
461 1977 575 2020 oculi
599 1983 866 2031 ponerentur
888 1977 1095 2031 undique,
1111 1990 1267 2018 omnes
1289 1977 1494 2020 viderent-
1506 1979 1694 2021 eandem
1713 1993 1804 2022 rem
1826 1995 1835 2032 ;
1857 2004 1897 2037 ²5

280 2061 385 2103 ergo
416 2061 495 2103 per
526 2046 720 2090 infinitas
750 2046 887 2088 lineas
915 2047 1008 2088 exit
1039 2047 1235 2100 species·;
1266 2054 1333 2090 set
1365 2047 1534 2090 infinite
1566 2062 1652 2091 non
1685 2051 1836 2092 termi-

279 2124 441 2160 nantur
472 2118 556 2159 nisi
589 2117 646 2158 ad
677 2116 954 2172 superficiem
986 2117 1214 2171 spericam.
1279 2116 1357 2160 Set
1389 2124 1539 2160 tamen
1576 2133 1603 2161 a
1634 2119 1834 2173 qualibet

279 2195 404 2243 parte
427 2189 602 2244 agentis
631 2188 928 2229 determinata
950 2187 999 2229 fit
1026 2187 1344 2243 multiplicacio
1370 2189 1614 2231 secundum
1644 2189 1832 2245 figuram

278 2259 396 2300 illius
428 2259 579 2313 partis,
601 2266 650 2300 ut
681 2259 716 2300 si
749 2272 851 2313 pars
881 2258 939 2300 sit
970 2258 1252 2313 triangularis
1285 2259 1603 2314 multiplicacio
1640 2261 1722 2302 erit
1759 2261 1832 2303 tri-

277 2329 517 2384 angularis,
537 2335 581 2370 et
603 2328 911 2370 terminabitur
931 2328 988 2370 ad
1012 2328 1164 2370 basem
1187 2328 1516 2383 triangularem.
1580 2328 1628 2372 Si
1651 2329 1832 2372 alterius
1853 2353 1897 2386 30
1933 2331 1934 2335 ’

277 2398 416 2452 figure
460 2397 728 2441 multilatere
770 2398 828 2440 sit
867 2411 970 2452 pars
1011 2399 1196 2453 agentis,
1240 2405 1345 2440 tunc
1388 2398 1707 2453 multiplicacio
1748 2401 1830 2442 erit

277 2468 532 2510 consimilis.
595 2468 655 2510 Et
683 2468 718 2510 si
747 2468 804 2510 sit
831 2469 982 2522 porcio
1007 2482 1144 2523 spere,
1175 2476 1224 2510 ut
1253 2469 1297 2509 in
1327 2469 1520 2523 spericis‚
1549 2475 1653 2511 tunc
1683 2469 1827 2513 multi-

320 2579 339 2606 4
364 2568 474 2599 aliena
492 2579 558 2601 om.
578 2568 611 2599 F
718 2578 920 2600 communes
935 2579 1002 2600 om.
1021 2568 1056 2600 D
1167 2579 1188 2609 9
1212 2568 1378 2610 animate]
1395 2568 1509 2600 anime
1528 2567 1565 2599 D
1687 2580 1728 2601 10
1752 2581 1827 2611 per-

274 2621 452 2662 spectivis]
472 2620 682 2661 spectivisD
774 2630 813 2660 15
837 2625 871 2651 et
886 2620 1123 2652 Piramidalem
1135 2631 1201 2652 om.
1217 2620 1252 2651 D
1343 2621 1382 2651 18
1406 2626 1440 2652 et
1457 2631 1522 2651 om.
1539 2620 1574 2651 D
1662 2631 1770 2653 21—22
1794 2623 1827 2654 in

275 2695 282 2703 .
304 2696 311 2704 .
330 2696 338 2704 .
358 2673 448 2705 linee
466 2684 531 2704 om.
551 2673 585 2704 F
706 2683 745 2704 21
772 2672 863 2704 omni
882 2673 997 2714 parte]
1016 2683 1153 2705 omnem
1170 2677 1305 2713 partem
1322 2672 1357 2704 D
1475 2684 1516 2712 24
1542 2673 1636 2716 quia]
1655 2675 1746 2715 quod
1763 2674 1828 2706 FD

275 2735 342 2756 non
359 2726 453 2757 videt
470 2725 553 2766 nisi]
570 2725 720 2765 undique
737 2725 830 2756 videt
845 2724 881 2754 D
1040 2726 1083 2756 28
1106 2725 1366 2766 multiplicacio]
1384 2725 1627 2766 multiplicacio
1644 2727 1772 2767 speciei
1790 2728 1827 2759 D

275 2787 317 2817 3ο
340 2778 605 2820 triangularem]
623 2777 844 2817 triangularis
861 2777 970 2818 figure
987 2777 1022 2809 D
1133 2787 1173 2818 31
1198 2777 1297 2819 tunc]
1316 2783 1350 2809 et
1367 2777 1430 2808 FD
1552 2788 1595 2819 32
1621 2779 1825 2822 consimilis]

274 2831 395 2864 similis
411 2832 445 2862 F
