1934 3152
166 1096 266 1117 Iaz.

86 2065 111 2096 F
142 2068 217 2105 8451
238 2070 266 2098 2,

1051 135 1073 165 2

290 237 695 291 intelligenciarum‚
727 237 828 280 licet
864 237 948 279 alia
984 237 1054 279 via
1092 236 1437 291 methaphisicus
1474 236 1608 278 habet
1646 236 1834 290 probare

290 307 504 362 principia
525 308 723 349 omnium
745 307 1044 355 scienciarum,
1062 312 1109 348 ut
1131 305 1265 348 debet
1287 306 1330 347 in
1349 305 1424 348 illa
1440 306 1626 349 sciencia
1647 305 1833 348 edoceri.

349 375 535 417 Moralis
571 383 720 418 autem
757 375 1040 430 philosophia
1080 381 1147 417 est
1181 375 1279 417 finis
1310 377 1510 418 omnium
1547 372 1832 418 scienciarum

287 445 487 497 aliarum,
503 452 547 488 et
564 446 664 487 ideo
679 445 811 486 finem
830 445 873 486 in
889 445 1248 487 consideracione
1264 433 1571 501 philosophica
1588 445 1807 502 optinebit
1825 459 1835 497 ;

289 515 393 569 quia
425 529 581 556 omnes
609 515 692 556 alie
715 521 814 556 sunt
837 513 1105 569 speculative
1131 515 1340 564 veritatis,
1362 515 1445 557 hec
1471 522 1622 558 autem
1649 523 1716 558 est
1735 529 1833 569 pra·
1853 534 1871 566 5

286 585 401 627 ctica
422 585 539 634 boni,
557 584 600 626 id
620 590 699 636 est,
721 584 961 638 operativa,
983 590 1165 638 propter
1190 585 1309 637 quod
1333 586 1530 640 sequitur
1551 585 1659 628 alias
1682 585 1835 627 ordine

288 655 489 698 naturali.
551 655 672 696 Nam
708 654 906 696 veritatis
946 654 1144 708 cognicio
1184 654 1241 696 ad
1282 668 1478 697 amorem
1517 656 1619 697 boni
1655 662 1698 697 et
1741 654 1835 709 ejus

286 726 594 780 operacionem
617 724 857 767 ordinatur.
919 723 1155 765 Naturalia
1182 737 1286 765 vero
1315 731 1494 779 sumpta
1521 725 1771 780 specialiter
1791 731 1835 766 et

285 795 437 839 stricte
467 802 567 837 sunt
599 795 642 836 in
670 794 831 849 quibus
864 799 931 836 est
961 792 1226 847 principium
1260 801 1408 836 motus
1439 801 1484 837 et
1515 795 1690 849 quietis,
1713 802 1761 836 ut
1791 794 1834 835 in

285 866 485 920 partibus
518 864 846 913 elementorum,
878 877 965 917 que
995 870 1098 904 sunt
1128 863 1262 916 Ignis,
1281 862 1401 913 ‚Aer‚
1430 864 1584 916 Terra,
1612 865 1759 919 Aqua,
1791 870 1836 906 et
1857 882 1896 904 10

286 937 328 977 in
370 936 578 977 omnibus
617 935 742 977 factis
784 948 843 976 ex
885 933 970 974 illis
1013 947 1099 987 que
1131 939 1233 975 sunt
1270 933 1523 983 inanimata,
1556 941 1605 976 ut
1641 933 1834 987 metalla,

287 1006 468 1060 lapides,
490 1005 616 1059 sales,
637 1011 681 1046 et
703 1003 924 1059 sulphura,
947 1009 1230 1053 attramenta‚
1252 1010 1296 1045 et
1324 1003 1494 1046 colores
1516 1004 1630 1046 sicut
1652 1004 1834 1046 minium

286 1083 330 1118 et
364 1089 516 1118 cerusa
548 1083 592 1118 et
625 1075 793 1117 lazulus
824 1075 946 1129 quod
975 1080 1042 1115 est
1073 1074 1282 1123 azurium,
1305 1080 1349 1115 et
1378 1074 1518 1115 viride
1544 1072 1550 1128 1
1578 1088 1768 1129 grecum,
1791 1081 1835 1116 et

285 1146 540 1200 hujusmodi
554 1159 640 1200 que
657 1146 700 1186 in
717 1152 871 1186 ventre
884 1151 998 1186 terre
1014 1150 1293 1197 generantur.
1357 1143 1656 1199 Similiterque
1671 1145 1837 1199 plante,

285 1217 535 1271 cujusmodi
566 1222 669 1257 sunt
701 1215 850 1263 herbe,
875 1214 1070 1264 arbores,
1097 1213 1256 1263 caules,
1288 1227 1440 1266 canne‚
1469 1213 1660 1257 frutices.
1722 1214 1836 1257 Sunt
1858 1231 1894 1265 15

285 1287 390 1328 item
414 1286 620 1328 animalia
641 1285 772 1326 bruta
799 1291 844 1326 et
875 1284 1105 1334 homines;
1137 1284 1179 1324 in
1209 1283 1291 1324 hiis
1326 1284 1441 1325 enim
1474 1290 1539 1326 est
1570 1285 1834 1339 principium

286 1363 435 1398 motus
465 1364 509 1398 et
538 1356 700 1411 quietis
728 1355 995 1405 naturaliter,
1017 1359 1060 1396 et
1090 1353 1190 1395 ideo
1216 1353 1260 1394 in
1287 1354 1349 1395 eis
1376 1360 1443 1395 est
1472 1361 1628 1396 natura
1654 1369 1740 1409 que
1768 1355 1835 1397 di-

286 1427 397 1468 citur
419 1426 678 1480 principium
696 1432 740 1466 et
764 1432 911 1466 motus
928 1430 972 1466 et
993 1430 1160 1473 status;
1192 1424 1426 1477 quiescunt
1448 1425 1565 1465 enim
1587 1425 1669 1466 hec
1686 1425 1835 1466 omnia

287 1504 330 1539 et
353 1503 585 1538 moventur
605 1495 873 1546 naturaliter,
896 1502 944 1536 ut
967 1500 1090 1549 patet
1111 1494 1354 1535 secundum
1375 1501 1544 1536 motum
1567 1493 1766 1546 localem,
1789 1501 1834 1537 et

286 1566 527 1608 secundum
557 1566 667 1607 alios
698 1572 858 1616 motus,
898 1571 942 1606 et
974 1564 1216 1606 secundum
1248 1563 1582 1618 generacionem
1615 1571 1660 1606 et
1687 1578 1833 1606 corru-
1855 1581 1894 1603 20

285 1636 503 1690 pcionem‚
516 1635 840 1685 alteracionem,
858 1640 1160 1688 augmentum,
1174 1639 1218 1674 et
1234 1634 1592 1675 diminucionem.
1641 1632 1833 1676 Genera-

286 1706 353 1747 cio
375 1712 452 1756 est,
473 1711 522 1746 ut
545 1704 740 1760 exempli
761 1705 919 1760 gracia,
937 1705 1116 1758 quando
1138 1718 1205 1745 res
1227 1704 1322 1745 exit
1344 1704 1400 1745 de
1421 1717 1508 1745 non
1531 1717 1625 1746 esse
1646 1704 1703 1745 ad
1725 1718 1832 1755 esse,

285 1783 333 1817 ut
355 1790 454 1818 cum
477 1776 533 1818 de
555 1775 676 1831 ligno
697 1775 746 1817 fit
775 1775 956 1817 flamma
984 1781 1030 1816 et
1058 1774 1204 1825 carbo,
1226 1779 1269 1815 et
1299 1774 1528 1828 corrupcio
1558 1781 1625 1816 est
1652 1775 1832 1829 quando

283 1846 339 1888 de
370 1852 470 1887 ente
501 1844 550 1886 fit
581 1859 670 1887 non
703 1859 792 1898 ens,
820 1850 869 1886 ut
901 1844 943 1886 in
975 1844 1058 1885 hoc
1086 1844 1242 1885 eodem
1275 1844 1499 1898 exemplo,
1531 1857 1632 1886 cum
1664 1843 1830 1899 lignum

284 1915 559 1969 corumpitur
589 1916 699 1958 sicut
730 1915 864 1958 carbo
892 1921 1139 1970 generatur.
1200 1913 1430 1956 Alteracio
1459 1921 1525 1956 est
1554 1915 1735 1968 quando
1764 1927 1831 1956 res
1852 1930 1890 1964 25

285 1993 433 2028 manet
454 1987 497 2027 in
522 2000 602 2028 sua
631 1985 896 2038 substancia,
916 1992 1066 2027 tamen
1096 1990 1418 2026 transmutatur
1446 1984 1489 2025 in
1517 1984 1832 2036 accidentibus,

285 2063 333 2097 ut
355 2070 456 2097 cum
472 2055 677 2099 Socrates
699 2069 830 2098 sanus
843 2055 893 2097 fit
910 2068 1025 2109 eger,
1040 2054 1110 2096 vel
1124 2054 1181 2096 de
1202 2053 1345 2095 calido
1367 2050 1425 2095 fit'
1445 2054 1450 2110 Ι
1477 2054 1675 2108 frigidus.
1734 2054 1830 2096 Au-

283 2133 514 2181 gmentum
537 2134 602 2168 est
624 2134 672 2168 ut
694 2140 795 2170 cum
809 2139 917 2181 puer
938 2125 1091 2168 crescit
1108 2125 1151 2166 in
1174 2125 1328 2175 virum,
1350 2124 1469 2166 etsie
1491 2125 1546 2166 de
1567 2124 1829 2166 animalibus

284 2205 328 2239 et
347 2197 508 2251 plantis
530 2211 630 2239 cum
660 2197 714 2238 de
738 2196 895 2238 minori
923 2196 1172 2250 quantitate
1193 2195 1244 2236 fit
1273 2195 1415 2249 major
1440 2195 1484 2236 in
1510 2195 1572 2236 eis
1597 2208 1676 2250 per
1694 2195 1828 2237 nutri—

286 2273 485 2308 mentum
527 2268 645 2321 quod
688 2267 901 2321 recipiunt
943 2266 986 2307 in
1024 2265 1283 2319 juventute:
1335 2271 1381 2306 et
1415 2264 1655 2306 diminucio
1691 2270 1768 2314 est,
1804 2278 1827 2305 e
1847 2277 1888 2309 30

285 2350 505 2386 converso,
535 2337 717 2390 quando
742 2337 785 2377 in
814 2342 1041 2378 senectute
1072 2335 1343 2377 decrescunt.
1408 2333 1622 2376 Similiter
1652 2333 1827 2375 celestia

284 2405 446 2447 habent
483 2407 746 2461 principium
795 2411 939 2448 motus
982 2406 1025 2446 in
1076 2419 1136 2455 se,
1177 2418 1264 2447 non
1305 2404 1467 2458 quietis
1509 2404 1628 2445 sicut·
1669 2409 1824 2445 cetera.

330 2541 390 2561 1-2
413 2530 492 2562 licet
509 2554 516 2562 .
537 2555 545 2562 .
566 2555 573 2562 .
594 2530 731 2562 edoceri
749 2541 816 2562 om.
836 2530 871 2561 D
964 2541 980 2569 4
1008 2529 1194 2571 optinebit]
1213 2529 1402 2561 continebit
1418 2529 1454 2560 D
1543 2529 1608 2568 5-8
1630 2528 1694 2558 hec
1711 2533 1822 2559 autem

282 2607 290 2614 .
312 2606 319 2613 .
338 2608 345 2614 .
364 2584 537 2615 ordinatur
551 2594 618 2615 om.
637 2583 672 2614 D
818 2593 838 2623 5
862 2583 926 2615 hec
942 2582 1074 2624 autem]
1092 2587 1125 2613 et
1142 2582 1206 2614 hec
1224 2581 1257 2612 F
1397 2592 1415 2621 7
1440 2586 1474 2613 et
1491 2580 1581 2622 ejus]
1599 2585 1632 2612 et
1648 2581 1691 2611 ad
1711 2581 1782 2619 ejus
1798 2580 1830 2610 F

283 2636 303 2666 8
327 2636 520 2678 ordinatur]
539 2637 683 2668 feliciter
699 2636 879 2668 ordinatur
894 2635 927 2666 F
1132 2645 1237 2675 13—14
1262 2639 1295 2666 et
1313 2634 1508 2666 huiusmodi
1525 2633 1606 2675 que]
1627 2633 1689 2664 hec
1706 2643 1770 2673 que
1789 2632 1824 2662 D

287 2689 393 2726 15-16
416 2687 566 2720 frutices.
616 2689 703 2719 Sunt
720 2688 819 2730 item]
837 2688 1031 2728 fructifices,
1050 2687 1130 2719 item
1142 2687 1192 2719 F:
1218 2688 1306 2719 Sunt
1323 2699 1388 2719 om.
1408 2687 1443 2717 D
1589 2686 1628 2718 18
1644 2690 1678 2716 et
1695 2685 1822 2726 motus]

283 2745 393 2771 motus
411 2745 444 2770 et
461 2741 585 2780 quietis
601 2740 637 2771 D
743 2751 782 2781 19
806 2740 916 2781 patet]
935 2746 1017 2781 puta
1033 2741 1069 2772 D
1175 2741 1236 2772 alt.
1253 2740 1303 2781 et]
1320 2739 1479 2771 videlicet
1497 2739 1532 2771 D
1640 2749 1682 2769 20
1701 2743 1752 2779 pr.
1770 2737 1820 2778 et]

284 2798 318 2823 ut
336 2793 369 2822 F
432 2803 469 2822 21
495 2793 757 2835 alteracionem]
779 2798 813 2824 et
829 2794 1071 2825 alteracionem
1089 2798 1124 2824 et
1142 2793 1175 2823 F
1259 2803 1302 2823 22
1325 2792 1383 2834 ad]
1402 2792 1435 2823 in
1453 2791 1515 2822 FD
1576 2802 1614 2831 27
1642 2790 1820 2831 Socrates]

283 2845 404 2875 Sortes
420 2844 503 2877 Mss.
524 2846 575 2876 ln'c
588 2850 617 2876 et
632 2846 750 2886 ubique
880 2856 919 2885 31
948 2845 1170 2887 decrescunt]
1189 2846 1400 2877 discrescunt
1416 2845 1450 2876 F
