<?xml version="1.0" encoding="UTF-8"?>
<!DOCTYPE html PUBLIC "-//W3C//DTD XHTML 1.0 Transitional//EN"
    "http://www.w3.org/TR/xhtml1/DTD/xhtml1-transitional.dtd">
<html xmlns="http://www.w3.org/1999/xhtml" xml:lang="en" lang="en">
 <head>
  <title>
</title>
<meta http-equiv="Content-Type" content="text/html;charset=utf-8" />
  <meta name='ocr-system' content='tesseract 3.04.00' />
  <meta name='ocr-capabilities' content='ocr_page ocr_carea ocr_par ocr_line ocrx_word'/>
</head>
<body>
  <div class='ocr_page' id='page_1' title='image "./operahactenusine02baco_0075.png"; bbox 0 0 1934 3152; ppageno 0'>
   <div class='ocr_carea' id='block_1_1' title="bbox 842 127 893 166">
    <p class='ocr_par' dir='ltr' id='par_1_1' title="bbox 842 127 893 166">
     <span class='ocr_line' id='line_1_1' title="bbox 842 127 893 166; baseline 0 0"><span class='ocrx_word' id='word_1_1' title='bbox 842 127 893 166; x_wconf 87' lang='lat'>61</span> 
     </span>
    </p>
   </div>
   <div class='ocr_carea' id='block_1_2' title="bbox 37 240 1632 2526">
    <p class='ocr_par' dir='ltr' id='par_1_2' title="bbox 100 240 1630 362">
     <span class='ocr_line' id='line_1_2' title="bbox 100 240 1630 297; baseline 0.003 -16"><span class='ocrx_word' id='word_1_2' title='bbox 100 240 214 282; x_wconf 87' lang='lat' dir='ltr'>circa</span> <span class='ocrx_word' id='word_1_3' title='bbox 245 241 363 294; x_wconf 89' lang='lat' dir='ltr'>quod</span> <span class='ocrx_word' id='word_1_4' title='bbox 395 249 614 296; x_wconf 84' lang='lat' dir='ltr'><strong>operatur,</strong></span> <span class='ocrx_word' id='word_1_5' title='bbox 645 247 689 284; x_wconf 91' lang='lat' dir='ltr'>et</span> <span class='ocrx_word' id='word_1_6' title='bbox 724 242 1031 285; x_wconf 89' lang='lat' dir='ltr'>combustibile</span> <span class='ocrx_word' id='word_1_7' title='bbox 1070 247 1270 297; x_wconf 88' lang='lat' dir='ltr'>respectu</span> <span class='ocrx_word' id='word_1_8' title='bbox 1308 242 1418 295; x_wconf 85' lang='lat' dir='ltr'>ignis</span> <span class='ocrx_word' id='word_1_9' title='bbox 1453 244 1630 285; x_wconf 90' lang='lat' dir='ltr'>combu-</span> 
     </span>
     <span class='ocr_line' id='line_1_3' title="bbox 101 310 594 362; baseline 0.004 -11"><span class='ocrx_word' id='word_1_10' title='bbox 101 310 245 362; x_wconf 86' lang='lat' dir='ltr'>rentis,</span> <span class='ocrx_word' id='word_1_11' title='bbox 267 316 310 352; x_wconf 88' lang='lat' dir='ltr'>et</span> <span class='ocrx_word' id='word_1_12' title='bbox 331 311 391 353; x_wconf 90' lang='lat' dir='ltr'>sic</span> <span class='ocrx_word' id='word_1_13' title='bbox 412 311 466 352; x_wconf 89' lang='lat' dir='ltr'>de</span> <span class='ocrx_word' id='word_1_14' title='bbox 488 311 594 353; x_wconf 90' lang='lat' dir='ltr'>aliis.</span> 
     </span>
    </p>

    <p class='ocr_par' dir='ltr' id='par_1_3' title="bbox 101 379 1631 506">
     <span class='ocr_line' id='line_1_4' title="bbox 159 379 1631 437; baseline 0 -15"><span class='ocrx_word' id='word_1_15' title='bbox 159 379 239 422; x_wconf 91' lang='lat' dir='ltr'>Set</span> <span class='ocrx_word' id='word_1_16' title='bbox 253 382 444 423; x_wconf 88' lang='lat' dir='ltr'>secundo</span> <span class='ocrx_word' id='word_1_17' title='bbox 460 383 594 423; x_wconf 85' lang='lat' dir='ltr'>modo</span> <span class='ocrx_word' id='word_1_18' title='bbox 609 382 766 424; x_wconf 91' lang='lat' dir='ltr'>dicitur</span> <span class='ocrx_word' id='word_1_19' title='bbox 780 382 960 424; x_wconf 89' lang='lat' dir='ltr'>materia</span> <span class='ocrx_word' id='word_1_20' title='bbox 972 382 1270 437; x_wconf 85' lang='lat' dir='ltr'>propriissime</span> <span class='ocrx_word' id='word_1_21' title='bbox 1288 387 1331 423; x_wconf 90' lang='lat' dir='ltr'>et</span> <span class='ocrx_word' id='word_1_22' title='bbox 1347 382 1631 432; x_wconf 80' lang='lat' dir='ltr'>strictissime,</span> 
     </span>
     <span class='ocr_line' id='line_1_5' title="bbox 101 450 1630 506; baseline 0.001 -15"><span class='ocrx_word' id='word_1_23' title='bbox 101 455 146 491; x_wconf 90' lang='lat' dir='ltr'>et</span> <span class='ocrx_word' id='word_1_24' title='bbox 166 450 228 492; x_wconf 91' lang='lat' dir='ltr'>sic</span> <span class='ocrx_word' id='word_1_25' title='bbox 255 457 321 493; x_wconf 90' lang='lat' dir='ltr'>est</span> <span class='ocrx_word' id='word_1_26' title='bbox 342 451 534 493; x_wconf 85' lang='lat' dir='ltr'>essencia</span> <span class='ocrx_word' id='word_1_27' title='bbox 555 452 745 506; x_wconf 89' lang='lat' dir='ltr'>quedam</span> <span class='ocrx_word' id='word_1_28' title='bbox 767 452 851 494; x_wconf 89' lang='lat' dir='ltr'>alia</span> <span class='ocrx_word' id='word_1_29' title='bbox 872 466 897 493; x_wconf 86' lang='lat' dir='ltr'>a</span> <span class='ocrx_word' id='word_1_30' title='bbox 919 452 1071 503; x_wconf 89' lang='lat' dir='ltr'>forma,</span> <span class='ocrx_word' id='word_1_31' title='bbox 1094 465 1180 506; x_wconf 89' lang='lat' dir='ltr'>que</span> <span class='ocrx_word' id='word_1_32' title='bbox 1208 465 1307 492; x_wconf 92' lang='lat' dir='ltr'>cum</span> <span class='ocrx_word' id='word_1_33' title='bbox 1330 465 1382 493; x_wconf 89' lang='lat' dir='ltr'>ea</span> <span class='ocrx_word' id='word_1_34' title='bbox 1406 453 1630 493; x_wconf 86' lang='lat' dir='ltr'>constituit</span> 
     </span>
    </p>

    <p class='ocr_par' dir='ltr' id='par_1_4' title="bbox 61 520 1630 633">
     <span class='ocr_line' id='line_1_6' title="bbox 61 520 1630 576; baseline 0.001 -16"><span class='ocrx_word' id='word_1_35' title='bbox 61 534 79 565; x_wconf 87' lang='lat'><strong>5</strong></span> <span class='ocrx_word' id='word_1_36' title='bbox 101 520 407 574; x_wconf 89' lang='lat' dir='ltr'>compositum,</span> <span class='ocrx_word' id='word_1_37' title='bbox 429 527 477 562; x_wconf 94' lang='lat' dir='ltr'>ut</span> <span class='ocrx_word' id='word_1_38' title='bbox 506 522 687 562; x_wconf 91' lang='lat' dir='ltr'>materia</span> <span class='ocrx_word' id='word_1_39' title='bbox 714 522 825 575; x_wconf 84' lang='lat' dir='ltr'>ignis</span> <span class='ocrx_word' id='word_1_40' title='bbox 846 529 889 563; x_wconf 89' lang='lat' dir='ltr'>et</span> <span class='ocrx_word' id='word_1_41' title='bbox 911 522 1049 563; x_wconf 88' lang='lat' dir='ltr'>forma</span> <span class='ocrx_word' id='word_1_42' title='bbox 1071 521 1164 575; x_wconf 89' lang='lat' dir='ltr'>ejus</span> <span class='ocrx_word' id='word_1_43' title='bbox 1185 521 1454 563; x_wconf 89' lang='lat' dir='ltr'>constituunt</span> <span class='ocrx_word' id='word_1_44' title='bbox 1476 521 1630 576; x_wconf 87' lang='lat' dir='ltr'>ipsum,</span> 
     </span>
     <span class='ocr_line' id='line_1_7' title="bbox 100 588 966 633; baseline 0.001 -4"><span class='ocrx_word' id='word_1_45' title='bbox 100 594 144 629; x_wconf 90' lang='lat' dir='ltr'>et</span> <span class='ocrx_word' id='word_1_46' title='bbox 165 588 224 629; x_wconf 85' lang='lat' dir='ltr'>sic</span> <span class='ocrx_word' id='word_1_47' title='bbox 246 595 311 630; x_wconf 86' lang='lat' dir='ltr'>est</span> <span class='ocrx_word' id='word_1_48' title='bbox 333 589 377 630; x_wconf 91' lang='lat' dir='ltr'>in</span> <span class='ocrx_word' id='word_1_49' title='bbox 398 590 517 630; x_wconf 89' lang='lat' dir='ltr'>omni</span> <span class='ocrx_word' id='word_1_50' title='bbox 539 590 787 633; x_wconf 84' lang='lat' dir='ltr'>substancia</span> <span class='ocrx_word' id='word_1_51' title='bbox 809 597 966 632; x_wconf 82' lang='lat' dir='ltr'>creata.</span> 
     </span>
    </p>

    <p class='ocr_par' dir='ltr' id='par_1_5' title="bbox 100 657 1631 854">
     <span class='ocr_line' id='line_1_8' title="bbox 142 657 1628 715; baseline 0.001 -17"><span class='ocrx_word' id='word_1_52' title='bbox 142 657 316 700; x_wconf 73' lang='lat' dir='ltr'>&#39;Tercio</span> <span class='ocrx_word' id='word_1_53' title='bbox 344 660 478 701; x_wconf 91' lang='lat' dir='ltr'>modo</span> <span class='ocrx_word' id='word_1_54' title='bbox 508 660 667 701; x_wconf 90' lang='lat' dir='ltr'>dicitur</span> <span class='ocrx_word' id='word_1_55' title='bbox 700 661 881 702; x_wconf 89' lang='lat' dir='ltr'>materia</span> <span class='ocrx_word' id='word_1_56' title='bbox 912 660 1157 715; x_wconf 84' lang='lat' dir='ltr'>specialiter</span> <span class='ocrx_word' id='word_1_57' title='bbox 1188 660 1231 701; x_wconf 91' lang='lat' dir='ltr'>in</span> <span class='ocrx_word' id='word_1_58' title='bbox 1259 674 1337 701; x_wconf 89' lang='lat' dir='ltr'>usu</span> <span class='ocrx_word' id='word_1_59' title='bbox 1367 659 1628 701; x_wconf 82' lang='lat' dir='ltr'>naturalium</span> 
     </span>
     <span class='ocr_line' id='line_1_9' title="bbox 100 727 1630 784; baseline 0.001 -16"><span class='ocrx_word' id='word_1_60' title='bbox 100 740 181 781; x_wconf 90' lang='lat' dir='ltr'>pro</span> <span class='ocrx_word' id='word_1_61' title='bbox 221 727 420 782; x_wconf 88' lang='lat' dir='ltr'>subjecto</span> <span class='ocrx_word' id='word_1_62' title='bbox 468 730 777 783; x_wconf 87' lang='lat' dir='ltr'>generacionis,</span> <span class='ocrx_word' id='word_1_63' title='bbox 819 729 940 784; x_wconf 87' lang='lat' dir='ltr'>cujus</span> <span class='ocrx_word' id='word_1_64' title='bbox 986 731 1228 784; x_wconf 89' lang='lat' dir='ltr'>proprietas</span> <span class='ocrx_word' id='word_1_65' title='bbox 1268 737 1333 772; x_wconf 88' lang='lat' dir='ltr'>est</span> <span class='ocrx_word' id='word_1_66' title='bbox 1378 736 1427 771; x_wconf 89' lang='lat' dir='ltr'>ut</span> <span class='ocrx_word' id='word_1_67' title='bbox 1467 731 1522 771; x_wconf 86' lang='lat' dir='ltr'>sit</span> <span class='ocrx_word' id='word_1_68' title='bbox 1564 744 1630 771; x_wconf 89' lang='lat' dir='ltr'>res</span> 
     </span>
     <span class='ocr_line' id='line_1_10' title="bbox 100 797 1631 854; baseline 0.002 -17"><span class='ocrx_word' id='word_1_69' title='bbox 100 797 365 852; x_wconf 89' lang='lat' dir='ltr'>incompleta</span> <span class='ocrx_word' id='word_1_70' title='bbox 386 798 430 839; x_wconf 92' lang='lat' dir='ltr'>in</span> <span class='ocrx_word' id='word_1_71' title='bbox 451 799 654 852; x_wconf 87' lang='lat' dir='ltr'>potencia</span> <span class='ocrx_word' id='word_1_72' title='bbox 675 800 731 840; x_wconf 83' lang='lat' dir='ltr'>ad</span> <span class='ocrx_word' id='word_1_73' title='bbox 753 813 844 840; x_wconf 88' lang='lat' dir='ltr'>esse</span> <span class='ocrx_word' id='word_1_74' title='bbox 872 799 1138 853; x_wconf 85' lang='lat' dir='ltr'>specificum,</span> <span class='ocrx_word' id='word_1_75' title='bbox 1159 806 1204 841; x_wconf 92' lang='lat' dir='ltr'>et</span> <span class='ocrx_word' id='word_1_76' title='bbox 1229 799 1312 841; x_wconf 93' lang='lat' dir='ltr'>hoc</span> <span class='ocrx_word' id='word_1_77' title='bbox 1333 799 1631 854; x_wconf 86' lang='lat' dir='ltr'>principaliter</span> 
     </span>
    </p>

    <p class='ocr_par' dir='ltr' id='par_1_6' title="bbox 42 868 1632 1201">
     <span class='ocr_line' id='line_1_11' title="bbox 42 868 1629 923; baseline 0.001 -15"><span class='ocrx_word' id='word_1_78' title='bbox 42 879 82 902; x_wconf 88' lang='lat'>10</span> <span class='ocrx_word' id='word_1_79' title='bbox 101 873 167 909; x_wconf 91' lang='grc' dir='ltr'>θεῖ</span> <span class='ocrx_word' id='word_1_80' title='bbox 195 869 489 922; x_wconf 89' lang='lat' dir='ltr'>compositum</span> <span class='ocrx_word' id='word_1_81' title='bbox 522 868 699 922; x_wconf 88' lang='lat' dir='ltr'>aliquod</span> <span class='ocrx_word' id='word_1_82' title='bbox 732 870 775 909; x_wconf 90' lang='lat' dir='ltr'>in</span> <span class='ocrx_word' id='word_1_83' title='bbox 806 869 1007 923; x_wconf 87' lang='lat' dir='ltr'>potencia</span> <span class='ocrx_word' id='word_1_84' title='bbox 1035 869 1091 910; x_wconf 89' lang='lat' dir='ltr'>ad</span> <span class='ocrx_word' id='word_1_85' title='bbox 1123 882 1216 910; x_wconf 85' lang='lat' dir='ltr'>esse</span> <span class='ocrx_word' id='word_1_86' title='bbox 1247 869 1480 923; x_wconf 86' lang='lat' dir='ltr'>compositi</span> <span class='ocrx_word' id='word_1_87' title='bbox 1511 883 1629 910; x_wconf 88' lang='lat' dir='ltr'>com-</span> 
     </span>
     <span class='ocr_line' id='line_1_12' title="bbox 99 937 1632 992; baseline 0.001 -14"><span class='ocrx_word' id='word_1_88' title='bbox 99 937 281 991; x_wconf 91' lang='lat' dir='ltr'>pletum,</span> <span class='ocrx_word' id='word_1_89' title='bbox 322 944 388 979; x_wconf 91' lang='lat' dir='ltr'>set</span> <span class='ocrx_word' id='word_1_90' title='bbox 429 938 534 992; x_wconf 90' lang='lat' dir='ltr'>quia</span> <span class='ocrx_word' id='word_1_91' title='bbox 575 938 680 980; x_wconf 90' lang='lat' dir='ltr'>illud</span> <span class='ocrx_word' id='word_1_92' title='bbox 730 939 1010 992; x_wconf 91' lang='lat' dir='ltr'>componitur</span> <span class='ocrx_word' id='word_1_93' title='bbox 1055 952 1112 979; x_wconf 87' lang='lat' dir='ltr'>ex</span> <span class='ocrx_word' id='word_1_94' title='bbox 1161 939 1344 980; x_wconf 90' lang='lat' dir='ltr'>materia</span> <span class='ocrx_word' id='word_1_95' title='bbox 1383 944 1427 979; x_wconf 91' lang='lat' dir='ltr'>et</span> <span class='ocrx_word' id='word_1_96' title='bbox 1479 937 1632 989; x_wconf 83' lang='lat' dir='ltr'>forma,</span> 
     </span>
     <span class='ocr_line' id='line_1_13' title="bbox 99 1007 1631 1062; baseline 0.001 -15"><span class='ocrx_word' id='word_1_97' title='bbox 99 1013 275 1061; x_wconf 87' lang='lat' dir='ltr'>oportet</span> <span class='ocrx_word' id='word_1_98' title='bbox 311 1008 428 1061; x_wconf 89' lang='lat' dir='ltr'>quod</span> <span class='ocrx_word' id='word_1_99' title='bbox 471 1009 653 1050; x_wconf 88' lang='lat' dir='ltr'>materia</span> <span class='ocrx_word' id='word_1_100' title='bbox 694 1008 786 1062; x_wconf 87' lang='lat' dir='ltr'>ejus</span> <span class='ocrx_word' id='word_1_101' title='bbox 825 1009 881 1049; x_wconf 85' lang='lat' dir='ltr'>sit</span> <span class='ocrx_word' id='word_1_102' title='bbox 921 1007 1186 1062; x_wconf 89' lang='lat' dir='ltr'>incompleta</span> <span class='ocrx_word' id='word_1_103' title='bbox 1222 1014 1266 1049; x_wconf 92' lang='lat' dir='ltr'>et</span> <span class='ocrx_word' id='word_1_104' title='bbox 1302 1013 1405 1049; x_wconf 90' lang='lat' dir='ltr'>nata</span> <span class='ocrx_word' id='word_1_105' title='bbox 1441 1008 1496 1049; x_wconf 91' lang='lat' dir='ltr'>ad</span> <span class='ocrx_word' id='word_1_106' title='bbox 1539 1021 1631 1049; x_wconf 84' lang='lat' dir='ltr'>esse</span> 
     </span>
     <span class='ocr_line' id='line_1_14' title="bbox 98 1076 1630 1131; baseline 0 -14"><span class='ocrx_word' id='word_1_107' title='bbox 98 1076 352 1131; x_wconf 88' lang='lat' dir='ltr'>specificum</span> <span class='ocrx_word' id='word_1_108' title='bbox 381 1083 425 1119; x_wconf 90' lang='lat' dir='ltr'>et</span> <span class='ocrx_word' id='word_1_109' title='bbox 456 1078 654 1119; x_wconf 88' lang='lat' dir='ltr'>similiter</span> <span class='ocrx_word' id='word_1_110' title='bbox 675 1077 828 1129; x_wconf 88' lang='lat' dir='ltr'>forma,</span> <span class='ocrx_word' id='word_1_111' title='bbox 857 1085 901 1119; x_wconf 90' lang='lat' dir='ltr'>et</span> <span class='ocrx_word' id='word_1_112' title='bbox 930 1078 1030 1119; x_wconf 88' lang='lat' dir='ltr'>ideo</span> <span class='ocrx_word' id='word_1_113' title='bbox 1059 1077 1199 1119; x_wconf 87' lang='lat' dir='ltr'>forma</span> <span class='ocrx_word' id='word_1_114' title='bbox 1230 1082 1273 1118; x_wconf 91' lang='lat' dir='ltr'>et</span> <span class='ocrx_word' id='word_1_115' title='bbox 1305 1078 1486 1118; x_wconf 87' lang='lat' dir='ltr'>materia</span> <span class='ocrx_word' id='word_1_116' title='bbox 1518 1077 1630 1118; x_wconf 84' lang='lat' dir='ltr'>illius</span> 
     </span>
     <span class='ocr_line' id='line_1_15' title="bbox 97 1147 1630 1201; baseline 0 -14"><span class='ocrx_word' id='word_1_117' title='bbox 97 1147 332 1201; x_wconf 85' lang='lat' dir='ltr'>compositi</span> <span class='ocrx_word' id='word_1_118' title='bbox 368 1154 469 1188; x_wconf 89' lang='lat' dir='ltr'>sunt</span> <span class='ocrx_word' id='word_1_119' title='bbox 505 1148 745 1189; x_wconf 87' lang='lat' dir='ltr'>materialia</span> <span class='ocrx_word' id='word_1_120' title='bbox 779 1154 823 1189; x_wconf 92' lang='lat' dir='ltr'>et</span> <span class='ocrx_word' id='word_1_121' title='bbox 859 1148 1039 1189; x_wconf 88' lang='lat' dir='ltr'>materia</span> <span class='ocrx_word' id='word_1_122' title='bbox 1080 1153 1278 1200; x_wconf 84' lang='lat' dir='ltr'>respectu</span> <span class='ocrx_word' id='word_1_123' title='bbox 1320 1160 1497 1187; x_wconf 89' lang='lat' dir='ltr'>suorum</span> <span class='ocrx_word' id='word_1_124' title='bbox 1540 1161 1630 1187; x_wconf 79' lang='lat' dir='ltr'>esse</span> 
     </span>
    </p>

    <p class='ocr_par' dir='ltr' id='par_1_7' title="bbox 41 1215 1629 1341">
     <span class='ocr_line' id='line_1_16' title="bbox 41 1215 1629 1271; baseline -0.001 -14"><span class='ocrx_word' id='word_1_125' title='bbox 41 1226 80 1258; x_wconf 84' lang='lat'>15</span> <span class='ocrx_word' id='word_1_126' title='bbox 98 1215 414 1270; x_wconf 86' lang='lat' dir='ltr'>specificorum‚</span> <span class='ocrx_word' id='word_1_127' title='bbox 449 1217 561 1259; x_wconf 87' lang='lat' dir='ltr'>sicut</span> <span class='ocrx_word' id='word_1_128' title='bbox 602 1217 894 1271; x_wconf 91' lang='lat' dir='ltr'>compositum</span> <span class='ocrx_word' id='word_1_129' title='bbox 931 1223 1126 1271; x_wconf 83' lang='lat' dir='ltr'>respectu</span> <span class='ocrx_word' id='word_1_130' title='bbox 1163 1230 1254 1257; x_wconf 87' lang='lat' dir='ltr'>esse</span> <span class='ocrx_word' id='word_1_131' title='bbox 1289 1215 1476 1270; x_wconf 91' lang='lat' dir='ltr'>specifici</span> <span class='ocrx_word' id='word_1_132' title='bbox 1513 1230 1629 1258; x_wconf 87' lang='lat' dir='ltr'>com-</span> 
     </span>
     <span class='ocr_line' id='line_1_17' title="bbox 99 1285 1629 1341; baseline 0.001 -15"><span class='ocrx_word' id='word_1_133' title='bbox 99 1285 246 1339; x_wconf 88' lang='lat' dir='ltr'>positi,</span> <span class='ocrx_word' id='word_1_134' title='bbox 280 1292 324 1328; x_wconf 88' lang='lat' dir='ltr'>et</span> <span class='ocrx_word' id='word_1_135' title='bbox 365 1286 448 1327; x_wconf 92' lang='lat' dir='ltr'>hoc</span> <span class='ocrx_word' id='word_1_136' title='bbox 490 1288 782 1340; x_wconf 88' lang='lat' dir='ltr'>compositum</span> <span class='ocrx_word' id='word_1_137' title='bbox 825 1294 1023 1341; x_wconf 90' lang='lat' dir='ltr'>respectu</span> <span class='ocrx_word' id='word_1_138' title='bbox 1063 1286 1249 1327; x_wconf 90' lang='lat' dir='ltr'>duarum</span> <span class='ocrx_word' id='word_1_139' title='bbox 1286 1285 1527 1339; x_wconf 86' lang='lat' dir='ltr'>specierum</span> <span class='ocrx_word' id='word_1_140' title='bbox 1564 1294 1629 1328; x_wconf 90' lang='lat' dir='ltr'>est</span> 
     </span>
    </p>

    <p class='ocr_par' dir='ltr' id='par_1_8' title="bbox 72 1355 1629 1550">
     <span class='ocr_line' id='line_1_18' title="bbox 72 1355 1626 1411; baseline 0.003 -19"><span class='ocrx_word' id='word_1_141' title='bbox 72 1355 288 1397; x_wconf 76' lang='lat' dir='ltr'>‚essencia</span> <span class='ocrx_word' id='word_1_142' title='bbox 313 1355 496 1410; x_wconf 88' lang='lat' dir='ltr'>alicujus</span> <span class='ocrx_word' id='word_1_143' title='bbox 522 1357 703 1410; x_wconf 85' lang='lat' dir='ltr'>generis,</span> <span class='ocrx_word' id='word_1_144' title='bbox 725 1362 769 1398; x_wconf 89' lang='lat' dir='ltr'>et</span> <span class='ocrx_word' id='word_1_145' title='bbox 800 1363 998 1411; x_wconf 88' lang='lat' dir='ltr'>respectu</span> <span class='ocrx_word' id='word_1_146' title='bbox 1031 1355 1356 1396; x_wconf 90' lang='lat' dir='ltr'>individuorum</span> <span class='ocrx_word' id='word_1_147' title='bbox 1384 1355 1626 1409; x_wconf 88' lang='lat' dir='ltr'>specierum</span> 
     </span>
     <span class='ocr_line' id='line_1_19' title="bbox 98 1424 1628 1480; baseline 0.001 -15"><span class='ocrx_word' id='word_1_148' title='bbox 98 1424 268 1466; x_wconf 88' lang='lat' dir='ltr'>illarum</span> <span class='ocrx_word' id='word_1_149' title='bbox 306 1432 371 1467; x_wconf 87' lang='lat' dir='ltr'>est</span> <span class='ocrx_word' id='word_1_150' title='bbox 407 1426 689 1480; x_wconf 74' lang='lat' dir='ltr'>indivilduum</span> <span class='ocrx_word' id='word_1_151' title='bbox 727 1426 911 1480; x_wconf 85' lang='lat' dir='ltr'>generis,</span> <span class='ocrx_word' id='word_1_152' title='bbox 946 1432 1013 1467; x_wconf 90' lang='lat' dir='ltr'>set</span> <span class='ocrx_word' id='word_1_153' title='bbox 1055 1425 1329 1467; x_wconf 91' lang='lat' dir='ltr'>individuum</span> <span class='ocrx_word' id='word_1_154' title='bbox 1367 1430 1432 1466; x_wconf 88' lang='lat' dir='ltr'>est</span> <span class='ocrx_word' id='word_1_155' title='bbox 1472 1425 1628 1479; x_wconf 91' lang='lat' dir='ltr'>princi-</span> 
     </span>
     <span class='ocr_line' id='line_1_20' title="bbox 97 1495 1629 1550; baseline 0 -14"><span class='ocrx_word' id='word_1_156' title='bbox 97 1495 207 1550; x_wconf 89' lang='lat' dir='ltr'>palis</span> <span class='ocrx_word' id='word_1_157' title='bbox 270 1495 450 1537; x_wconf 88' lang='lat' dir='ltr'>materia</span> <span class='ocrx_word' id='word_1_158' title='bbox 512 1495 775 1549; x_wconf 90' lang='lat' dir='ltr'>hujusmodi,</span> <span class='ocrx_word' id='word_1_159' title='bbox 838 1496 940 1549; x_wconf 87' lang='lat' dir='ltr'>quia</span> <span class='ocrx_word' id='word_1_160' title='bbox 999 1495 1270 1537; x_wconf 90' lang='lat' dir='ltr'>individuum</span> <span class='ocrx_word' id='word_1_161' title='bbox 1333 1495 1629 1549; x_wconf 84' lang='lat' dir='ltr'>principaliter</span> 
     </span>
    </p>

    <p class='ocr_par' dir='ltr' id='par_1_9' title="bbox 40 1565 1627 1677">
     <span class='ocr_line' id='line_1_21' title="bbox 40 1565 1627 1620; baseline -0.001 -13"><span class='ocrx_word' id='word_1_162' title='bbox 40 1584 81 1607; x_wconf 85' lang='lat'>20</span> <span class='ocrx_word' id='word_1_163' title='bbox 97 1572 330 1620; x_wconf 87' lang='lat' dir='ltr'>generatur</span> <span class='ocrx_word' id='word_1_164' title='bbox 350 1571 394 1606; x_wconf 89' lang='lat' dir='ltr'>et</span> <span class='ocrx_word' id='word_1_165' title='bbox 420 1565 724 1620; x_wconf 88' lang='lat' dir='ltr'>corrumpitur,</span> <span class='ocrx_word' id='word_1_166' title='bbox 745 1566 985 1607; x_wconf 89' lang='lat' dir='ltr'>secundum</span> <span class='ocrx_word' id='word_1_167' title='bbox 1007 1565 1298 1606; x_wconf 87' lang='lat' dir='ltr'>Aristotelem</span> <span class='ocrx_word' id='word_1_168' title='bbox 1321 1572 1365 1607; x_wconf 86' lang='lat' dir='ltr'>et</span> <span class='ocrx_word' id='word_1_169' title='bbox 1390 1566 1627 1606; x_wconf 89' lang='lat' dir='ltr'>secundum</span> 
     </span>
     <span class='ocr_line' id='line_1_22' title="bbox 96 1635 342 1677; baseline 0 -1"><span class='ocrx_word' id='word_1_170' title='bbox 96 1635 342 1677; x_wconf 87' lang='lat' dir='ltr'>veritatem.</span> 
     </span>
    </p>

    <p class='ocr_par' dir='ltr' id='par_1_10' title="bbox 96 1703 1630 1898">
     <span class='ocr_line' id='line_1_23' title="bbox 157 1703 1629 1759; baseline -0.001 -13"><span class='ocrx_word' id='word_1_171' title='bbox 157 1704 328 1759; x_wconf 79' lang='lat' dir='ltr'>Quarto</span> <span class='ocrx_word' id='word_1_172' title='bbox 350 1705 510 1747; x_wconf 87' lang='lat' dir='ltr'>dicitur</span> <span class='ocrx_word' id='word_1_173' title='bbox 531 1705 715 1747; x_wconf 87' lang='lat' dir='ltr'>materia</span> <span class='ocrx_word' id='word_1_174' title='bbox 731 1704 898 1758; x_wconf 88' lang='lat' dir='ltr'>aliquid</span> <span class='ocrx_word' id='word_1_175' title='bbox 919 1704 1208 1747; x_wconf 86' lang='lat' dir='ltr'>constitutum</span> <span class='ocrx_word' id='word_1_176' title='bbox 1231 1704 1274 1744; x_wconf 90' lang='lat' dir='ltr'>in</span> <span class='ocrx_word' id='word_1_177' title='bbox 1297 1718 1391 1745; x_wconf 88' lang='lat' dir='ltr'>esse</span> <span class='ocrx_word' id='word_1_178' title='bbox 1412 1703 1629 1758; x_wconf 90' lang='lat' dir='ltr'>specifico,</span> 
     </span>
     <span class='ocr_line' id='line_1_24' title="bbox 96 1772 1630 1829; baseline -0.001 -14"><span class='ocrx_word' id='word_1_179' title='bbox 96 1775 215 1829; x_wconf 92' lang='lat' dir='ltr'>quod</span> <span class='ocrx_word' id='word_1_180' title='bbox 238 1781 304 1816; x_wconf 88' lang='grc' dir='ltr'>θεῖ</span> <span class='ocrx_word' id='word_1_181' title='bbox 325 1775 367 1815; x_wconf 92' lang='lat' dir='ltr'>in</span> <span class='ocrx_word' id='word_1_182' title='bbox 390 1775 592 1829; x_wconf 90' lang='lat' dir='ltr'>potencia</span> <span class='ocrx_word' id='word_1_183' title='bbox 620 1775 676 1816; x_wconf 89' lang='lat' dir='ltr'>ad</span> <span class='ocrx_word' id='word_1_184' title='bbox 705 1775 951 1816; x_wconf 88' lang='lat' dir='ltr'>accidencia</span> <span class='ocrx_word' id='word_1_185' title='bbox 979 1775 1205 1825; x_wconf 88' lang='lat' dir='ltr'>contraria,</span> <span class='ocrx_word' id='word_1_186' title='bbox 1228 1780 1275 1815; x_wconf 91' lang='lat' dir='ltr'>ut</span> <span class='ocrx_word' id='word_1_187' title='bbox 1297 1773 1351 1814; x_wconf 89' lang='lat' dir='ltr'>ad</span> <span class='ocrx_word' id='word_1_188' title='bbox 1375 1772 1565 1814; x_wconf 90' lang='lat' dir='ltr'>calidum</span> <span class='ocrx_word' id='word_1_189' title='bbox 1586 1780 1630 1814; x_wconf 92' lang='lat' dir='ltr'>et</span> 
     </span>
     <span class='ocr_line' id='line_1_25' title="bbox 97 1842 1629 1898; baseline -0.001 -14"><span class='ocrx_word' id='word_1_190' title='bbox 97 1843 317 1898; x_wconf 87' lang='lat' dir='ltr'>frigidum,</span> <span class='ocrx_word' id='word_1_191' title='bbox 339 1851 382 1886; x_wconf 90' lang='lat' dir='ltr'>et</span> <span class='ocrx_word' id='word_1_192' title='bbox 402 1845 566 1886; x_wconf 91' lang='lat' dir='ltr'>bonum</span> <span class='ocrx_word' id='word_1_193' title='bbox 585 1852 628 1886; x_wconf 91' lang='lat' dir='ltr'>et</span> <span class='ocrx_word' id='word_1_194' title='bbox 651 1845 827 1895; x_wconf 89' lang='lat' dir='ltr'>malurn,</span> <span class='ocrx_word' id='word_1_195' title='bbox 844 1851 887 1886; x_wconf 92' lang='lat' dir='ltr'>et</span> <span class='ocrx_word' id='word_1_196' title='bbox 908 1845 990 1886; x_wconf 94' lang='lat' dir='ltr'>hoc</span> <span class='ocrx_word' id='word_1_197' title='bbox 1008 1850 1188 1885; x_wconf 90' lang='lat' dir='ltr'>vocatur</span> <span class='ocrx_word' id='word_1_198' title='bbox 1208 1842 1452 1896; x_wconf 88' lang='lat' dir='ltr'>subjectum</span> <span class='ocrx_word' id='word_1_199' title='bbox 1473 1842 1629 1884; x_wconf 86' lang='lat' dir='ltr'>altera-</span> 
     </span>
    </p>

    <p class='ocr_par' dir='ltr' id='par_1_11' title="bbox 39 1912 1627 2165">
     <span class='ocr_line' id='line_1_26' title="bbox 39 1912 1627 1967; baseline -0.001 -14"><span class='ocrx_word' id='word_1_200' title='bbox 39 1931 78 1963; x_wconf 87' lang='lat'>25</span> <span class='ocrx_word' id='word_1_201' title='bbox 97 1914 244 1962; x_wconf 86' lang='lat' dir='ltr'>cionis,</span> <span class='ocrx_word' id='word_1_202' title='bbox 262 1915 372 1955; x_wconf 89' lang='lat' dir='ltr'>sicut</span> <span class='ocrx_word' id='word_1_203' title='bbox 387 1915 570 1956; x_wconf 88' lang='lat' dir='ltr'>materia</span> <span class='ocrx_word' id='word_1_204' title='bbox 584 1915 720 1956; x_wconf 91' lang='lat' dir='ltr'>tercio</span> <span class='ocrx_word' id='word_1_205' title='bbox 739 1914 873 1955; x_wconf 91' lang='lat' dir='ltr'>modo</span> <span class='ocrx_word' id='word_1_206' title='bbox 889 1915 1047 1956; x_wconf 91' lang='lat' dir='ltr'>dicitur</span> <span class='ocrx_word' id='word_1_207' title='bbox 1063 1913 1308 1967; x_wconf 86' lang='lat' dir='ltr'>subjectum</span> <span class='ocrx_word' id='word_1_208' title='bbox 1328 1912 1627 1967; x_wconf 84' lang='lat' dir='ltr'>generacionis</span> 
     </span>
     <span class='ocr_line' id='line_1_27' title="bbox 96 1983 1626 2039; baseline -0.003 -13"><span class='ocrx_word' id='word_1_209' title='bbox 96 1990 141 2026; x_wconf 88' lang='grc' dir='ltr'>θῖ</span> <span class='ocrx_word' id='word_1_210' title='bbox 177 1985 486 2039; x_wconf 88' lang='lat' dir='ltr'>corrupcionis‚</span> <span class='ocrx_word' id='word_1_211' title='bbox 519 1984 623 2038; x_wconf 88' lang='lat' dir='ltr'>quia</span> <span class='ocrx_word' id='word_1_212' title='bbox 658 1984 865 2026; x_wconf 88' lang='lat' dir='ltr'>alteracio</span> <span class='ocrx_word' id='word_1_213' title='bbox 900 1990 966 2025; x_wconf 85' lang='lat' dir='ltr'>est</span> <span class='ocrx_word' id='word_1_214' title='bbox 1003 1984 1046 2024; x_wconf 91' lang='lat' dir='ltr'>in</span> <span class='ocrx_word' id='word_1_215' title='bbox 1081 1983 1380 2025; x_wconf 86' lang='lat' dir='ltr'>accidentibus</span> <span class='ocrx_word' id='word_1_216' title='bbox 1417 1989 1460 2023; x_wconf 91' lang='lat' dir='ltr'>et</span> <span class='ocrx_word' id='word_1_217' title='bbox 1493 1996 1626 2036; x_wconf 90' lang='lat' dir='ltr'>penes</span> 
     </span>
     <span class='ocr_line' id='line_1_28' title="bbox 96 2052 1626 2108; baseline -0.003 -12"><span class='ocrx_word' id='word_1_218' title='bbox 96 2068 190 2096; x_wconf 86' lang='lat' dir='ltr'>esse</span> <span class='ocrx_word' id='word_1_219' title='bbox 220 2052 503 2104; x_wconf 88' lang='lat' dir='ltr'>accidentale,</span> <span class='ocrx_word' id='word_1_220' title='bbox 529 2060 573 2095; x_wconf 91' lang='lat' dir='ltr'>et</span> <span class='ocrx_word' id='word_1_221' title='bbox 603 2054 831 2108; x_wconf 86' lang='lat' dir='ltr'>generacio</span> <span class='ocrx_word' id='word_1_222' title='bbox 863 2060 907 2094; x_wconf 92' lang='lat' dir='ltr'>et</span> <span class='ocrx_word' id='word_1_223' title='bbox 937 2053 1165 2108; x_wconf 89' lang='lat' dir='ltr'>corrupcio</span> <span class='ocrx_word' id='word_1_224' title='bbox 1196 2066 1330 2107; x_wconf 89' lang='lat' dir='ltr'>penes</span> <span class='ocrx_word' id='word_1_225' title='bbox 1363 2066 1458 2093; x_wconf 87' lang='lat' dir='ltr'>esse</span> <span class='ocrx_word' id='word_1_226' title='bbox 1487 2052 1626 2106; x_wconf 89' lang='lat' dir='ltr'>speci-</span> 
     </span>
     <span class='ocr_line' id='line_1_29' title="bbox 96 2122 565 2165; baseline 0.002 -1"><span class='ocrx_word' id='word_1_227' title='bbox 96 2122 229 2165; x_wconf 90' lang='lat' dir='ltr'>ficum</span> <span class='ocrx_word' id='word_1_228' title='bbox 251 2129 295 2165; x_wconf 91' lang='lat' dir='ltr'>et</span> <span class='ocrx_word' id='word_1_229' title='bbox 317 2123 565 2165; x_wconf 87' lang='lat' dir='ltr'>essenciale.</span> 
     </span>
    </p>

    <p class='ocr_par' dir='ltr' id='par_1_12' title="bbox 156 2190 1626 2246">
     <span class='ocr_line' id='line_1_30' title="bbox 156 2190 1626 2246; baseline -0.002 -13"><span class='ocrx_word' id='word_1_230' title='bbox 156 2192 324 2246; x_wconf 82' lang='lat' dir='ltr'>Quinto</span> <span class='ocrx_word' id='word_1_231' title='bbox 348 2194 480 2234; x_wconf 87' lang='lat' dir='ltr'>modo</span> <span class='ocrx_word' id='word_1_232' title='bbox 501 2193 662 2235; x_wconf 87' lang='lat' dir='ltr'>dicitur</span> <span class='ocrx_word' id='word_1_233' title='bbox 684 2193 865 2234; x_wconf 91' lang='lat' dir='ltr'>materia</span> <span class='ocrx_word' id='word_1_234' title='bbox 888 2206 967 2246; x_wconf 85' lang='lat' dir='ltr'>pro</span> <span class='ocrx_word' id='word_1_235' title='bbox 989 2191 1212 2233; x_wconf 89' lang='lat' dir='ltr'>individuo</span> <span class='ocrx_word' id='word_1_236' title='bbox 1234 2197 1433 2245; x_wconf 90' lang='lat' dir='ltr'>respectu</span> <span class='ocrx_word' id='word_1_237' title='bbox 1456 2190 1626 2231; x_wconf 88' lang='lat' dir='ltr'>univer-</span> 
     </span>
    </p>

    <p class='ocr_par' dir='ltr' id='par_1_13' title="bbox 37 2260 1628 2385">
     <span class='ocr_line' id='line_1_31' title="bbox 37 2260 1628 2316; baseline 0 -16"><span class='ocrx_word' id='word_1_238' title='bbox 37 2277 79 2310; x_wconf 83' lang='lat'>30</span> <span class='ocrx_word' id='word_1_239' title='bbox 97 2261 209 2313; x_wconf 87' lang='lat' dir='ltr'>salis,</span> <span class='ocrx_word' id='word_1_240' title='bbox 240 2263 477 2304; x_wconf 88' lang='lat' dir='ltr'>secundum</span> <span class='ocrx_word' id='word_1_241' title='bbox 509 2263 798 2304; x_wconf 85' lang='lat' dir='ltr'>Aristotelem</span> <span class='ocrx_word' id='word_1_242' title='bbox 832 2267 876 2316; x_wconf 88' lang='lat'>7⁰</span> <span class='ocrx_word' id='word_1_243' title='bbox 897 2260 1223 2316; x_wconf 74' lang='lat' dir='ltr'>Methaplzz‘sz&#39;ce‚</span> <span class='ocrx_word' id='word_1_244' title='bbox 1254 2261 1356 2314; x_wconf 85' lang='lat' dir='ltr'>quia</span> <span class='ocrx_word' id='word_1_245' title='bbox 1388 2260 1628 2301; x_wconf 89' lang='lat' dir='ltr'>universale</span> 
     </span>
     <span class='ocr_line' id='line_1_32' title="bbox 96 2330 1328 2385; baseline -0.003 -11"><span class='ocrx_word' id='word_1_246' title='bbox 96 2332 303 2374; x_wconf 89' lang='lat' dir='ltr'>fundatur</span> <span class='ocrx_word' id='word_1_247' title='bbox 323 2333 367 2373; x_wconf 90' lang='lat' dir='ltr'>in</span> <span class='ocrx_word' id='word_1_248' title='bbox 389 2346 467 2373; x_wconf 90' lang='lat' dir='ltr'>suo</span> <span class='ocrx_word' id='word_1_249' title='bbox 488 2332 712 2374; x_wconf 90' lang='lat' dir='ltr'>individuo</span> <span class='ocrx_word' id='word_1_250' title='bbox 732 2333 844 2374; x_wconf 89' lang='lat' dir='ltr'>sicut</span> <span class='ocrx_word' id='word_1_251' title='bbox 866 2332 1079 2385; x_wconf 90' lang='lat' dir='ltr'>principio</span> <span class='ocrx_word' id='word_1_252' title='bbox 1102 2330 1328 2372; x_wconf 90' lang='lat' dir='ltr'>materiali.</span> 
     </span>
    </p>

    <p class='ocr_par' dir='ltr' id='par_1_14' title="bbox 96 2398 1626 2526">
     <span class='ocr_line' id='line_1_33' title="bbox 156 2398 1626 2454; baseline -0.003 -10"><span class='ocrx_word' id='word_1_253' title='bbox 156 2401 299 2444; x_wconf 86' lang='lat' dir='ltr'>Sexto</span> <span class='ocrx_word' id='word_1_254' title='bbox 331 2403 465 2444; x_wconf 88' lang='lat' dir='ltr'>modo</span> <span class='ocrx_word' id='word_1_255' title='bbox 496 2402 655 2443; x_wconf 90' lang='lat' dir='ltr'>dicitur</span> <span class='ocrx_word' id='word_1_256' title='bbox 687 2401 871 2442; x_wconf 87' lang='lat' dir='ltr'>materia</span> <span class='ocrx_word' id='word_1_257' title='bbox 901 2407 945 2441; x_wconf 93' lang='lat' dir='ltr'>et</span> <span class='ocrx_word' id='word_1_258' title='bbox 977 2399 1201 2442; x_wconf 88' lang='lat' dir='ltr'>materiale</span> <span class='ocrx_word' id='word_1_259' title='bbox 1231 2413 1311 2454; x_wconf 88' lang='lat' dir='ltr'>pro</span> <span class='ocrx_word' id='word_1_260' title='bbox 1343 2398 1552 2454; x_wconf 85' lang='lat' dir='ltr'>ingnobili</span> <span class='ocrx_word' id='word_1_261' title='bbox 1583 2406 1626 2440; x_wconf 93' lang='lat' dir='ltr'>et</span> 
     </span>
     <span class='ocr_line' id='line_1_34' title="bbox 96 2471 991 2526; baseline -0.001 -14"><span class='ocrx_word' id='word_1_262' title='bbox 96 2471 171 2513; x_wconf 89' lang='lat' dir='ltr'>vili</span> <span class='ocrx_word' id='word_1_263' title='bbox 193 2479 237 2514; x_wconf 90' lang='lat' dir='ltr'>et</span> <span class='ocrx_word' id='word_1_264' title='bbox 259 2485 423 2526; x_wconf 87' lang='lat' dir='ltr'>grosso,</span> <span class='ocrx_word' id='word_1_265' title='bbox 447 2478 495 2513; x_wconf 92' lang='lat' dir='ltr'>ut</span> <span class='ocrx_word' id='word_1_266' title='bbox 518 2479 632 2513; x_wconf 89' lang='lat' dir='ltr'>terra</span> <span class='ocrx_word' id='word_1_267' title='bbox 653 2476 849 2525; x_wconf 88' lang='lat' dir='ltr'>respectu</span> <span class='ocrx_word' id='word_1_268' title='bbox 871 2471 991 2524; x_wconf 89' lang='lat' dir='ltr'>ignis.</span> 
     </span>
    </p>
   </div>
   <div class='ocr_carea' id='block_1_3' title="bbox 138 2587 786 2629">
    <p class='ocr_par' dir='ltr' id='par_1_15' title="bbox 138 2587 786 2629">
     <span class='ocr_line' id='line_1_35' title="bbox 138 2587 786 2629; baseline 0 -9"><span class='ocrx_word' id='word_1_269' title='bbox 138 2598 182 2628; x_wconf 88' lang='lat'>30</span> <span class='ocrx_word' id='word_1_270' title='bbox 204 2592 243 2622; x_wconf 88' lang='lat'>7⁰</span> <span class='ocrx_word' id='word_1_271' title='bbox 259 2587 551 2629; x_wconf 73' lang='lat' dir='ltr'>Methaphisiee]</span> <span class='ocrx_word' id='word_1_272' title='bbox 569 2587 592 2621; x_wconf 92' lang='lat' dir='ltr'>l.</span> <span class='ocrx_word' id='word_1_273' title='bbox 608 2588 665 2628; x_wconf 88' lang='lat' dir='ltr'>vii,</span> <span class='ocrx_word' id='word_1_274' title='bbox 685 2598 712 2619; x_wconf 90' lang='lat' dir='ltr'>c.</span> <span class='ocrx_word' id='word_1_275' title='bbox 732 2597 786 2627; x_wconf 86' lang='lat'>57.</span> 
     </span>
    </p>
   </div>
   <div class='ocr_carea' id='block_1_4' title="bbox 101 2681 1631 2830">
    <p class='ocr_par' dir='ltr' id='par_1_16' title="bbox 101 2681 1631 2830">
     <span class='ocr_line' id='line_1_36' title="bbox 139 2681 1626 2726; baseline -0.003 -10"><span class='ocrx_word' id='word_1_276' title='bbox 139 2695 160 2724; x_wconf 84' lang='lat'>3</span> <span class='ocrx_word' id='word_1_277' title='bbox 184 2684 413 2726; x_wconf 82' lang='lat' dir='ltr'>strictissime]</span> <span class='ocrx_word' id='word_1_278' title='bbox 431 2684 653 2724; x_wconf 86' lang='lat' dir='ltr'>scriptissime</span> <span class='ocrx_word' id='word_1_279' title='bbox 670 2683 704 2714; x_wconf 80' lang='lat' dir='ltr'><em>F</em></span> <span class='ocrx_word' id='word_1_280' title='bbox 826 2683 847 2713; x_wconf 88' lang='lat'>8</span> <span class='ocrx_word' id='word_1_281' title='bbox 870 2681 1038 2724; x_wconf 87' lang='lat' dir='ltr'>subjecto]</span> <span class='ocrx_word' id='word_1_282' title='bbox 1055 2682 1189 2722; x_wconf 88' lang='lat' dir='ltr'>objecto</span> <span class='ocrx_word' id='word_1_283' title='bbox 1205 2681 1240 2712; x_wconf 92' lang='lat' dir='ltr'><em>D</em></span> <span class='ocrx_word' id='word_1_284' title='bbox 1375 2690 1415 2711; x_wconf 91' lang='lat'>10</span> <span class='ocrx_word' id='word_1_285' title='bbox 1439 2685 1490 2712; x_wconf 85' lang='lat' dir='ltr'>est</span> <span class='ocrx_word' id='word_1_286' title='bbox 1507 2691 1573 2712; x_wconf 86' lang='lat' dir='ltr'>om.</span> <span class='ocrx_word' id='word_1_287' title='bbox 1593 2681 1626 2711; x_wconf 83' lang='lat' dir='ltr'>l)</span> 
     </span>
     <span class='ocr_line' id='line_1_37' title="bbox 101 2732 1627 2777; baseline -0.003 -10"><span class='ocrx_word' id='word_1_288' title='bbox 101 2746 141 2776; x_wconf 90' lang='lat'>13</span> <span class='ocrx_word' id='word_1_289' title='bbox 164 2736 321 2777; x_wconf 87' lang='lat' dir='ltr'>materia]</span> <span class='ocrx_word' id='word_1_290' title='bbox 339 2736 446 2768; x_wconf 87' lang='lat' dir='ltr'>eciam</span> <span class='ocrx_word' id='word_1_291' title='bbox 464 2735 605 2767; x_wconf 87' lang='lat' dir='ltr'>materia</span> <span class='ocrx_word' id='word_1_292' title='bbox 621 2735 656 2766; x_wconf 91' lang='lat' dir='ltr'><em>D</em></span> <span class='ocrx_word' id='word_1_293' title='bbox 743 2734 848 2777; x_wconf 86' lang='lat' dir='ltr'>illius]</span> <span class='ocrx_word' id='word_1_294' title='bbox 866 2735 964 2766; x_wconf 87' lang='lat' dir='ltr'>istius</span> <span class='ocrx_word' id='word_1_295' title='bbox 979 2734 1013 2765; x_wconf 90' lang='lat' dir='ltr'><em>F</em></span> <span class='ocrx_word' id='word_1_296' title='bbox 1132 2735 1172 2765; x_wconf 89' lang='lat'>16</span> <span class='ocrx_word' id='word_1_297' title='bbox 1195 2732 1352 2774; x_wconf 89' lang='lat' dir='ltr'>duarum]</span> <span class='ocrx_word' id='word_1_298' title='bbox 1370 2733 1581 2764; x_wconf 83' lang='lat' dir='ltr'>diversarum</span> <span class='ocrx_word' id='word_1_299' title='bbox 1594 2733 1627 2764; x_wconf 90' lang='lat' dir='ltr'><em>D</em></span> 
     </span>
     <span class='ocr_line' id='line_1_38' title="bbox 101 2785 1631 2830; baseline -0.003 -10"><span class='ocrx_word' id='word_1_300' title='bbox 101 2790 140 2820; x_wconf 88' lang='lat'>18</span> <span class='ocrx_word' id='word_1_301' title='bbox 164 2788 312 2830; x_wconf 86' lang='lat' dir='ltr'>illarum]</span> <span class='ocrx_word' id='word_1_302' title='bbox 330 2788 461 2819; x_wconf 90' lang='lat' dir='ltr'>illarum</span> <span class='ocrx_word' id='word_1_303' title='bbox 478 2789 619 2820; x_wconf 87' lang='lat' dir='ltr'>duarum</span> <span class='ocrx_word' id='word_1_304' title='bbox 635 2787 671 2818; x_wconf 91' lang='lat' dir='ltr'><em>D</em></span> <span class='ocrx_word' id='word_1_305' title='bbox 910 2797 953 2818; x_wconf 87' lang='lat'>20</span> <span class='ocrx_word' id='word_1_306' title='bbox 978 2785 1222 2827; x_wconf 78' lang='lat' dir='ltr'>corrumpitur]</span> <span class='ocrx_word' id='word_1_307' title='bbox 1240 2785 1466 2826; x_wconf 87' lang='lat' dir='ltr'>corrumpitur</span> <span class='ocrx_word' id='word_1_308' title='bbox 1481 2786 1581 2817; x_wconf 88' lang='lat' dir='ltr'>homo</span> <span class='ocrx_word' id='word_1_309' title='bbox 1598 2786 1631 2816; x_wconf 87' lang='lat' dir='ltr'><em>F</em></span> 
     </span>
    </p>
   </div>
   <div class='ocr_carea' id='block_1_5' title="bbox 68 2837 1444 2886">
    <p class='ocr_par' dir='ltr' id='par_1_17' title="bbox 68 2837 1444 2886">
     <span class='ocr_line' id='line_1_39' title="bbox 68 2837 1444 2886; baseline -0.003 -13"><span class='ocrx_word' id='word_1_310' title='bbox 68 2883 73 2886; x_wconf 90' lang='lat'>.</span> <span class='ocrx_word' id='word_1_311' title='bbox 97 2851 140 2872; x_wconf 79' lang='lat'>22</span> <span class='ocrx_word' id='word_1_312' title='bbox 163 2840 310 2883; x_wconf 83' lang='lat' dir='ltr'>Quarto]</span> <span class='ocrx_word' id='word_1_313' title='bbox 328 2840 458 2881; x_wconf 85' lang='lat' dir='ltr'>Quarto</span> <span class='ocrx_word' id='word_1_314' title='bbox 475 2841 576 2872; x_wconf 89' lang='lat' dir='ltr'>modo</span> <span class='ocrx_word' id='word_1_315' title='bbox 590 2840 624 2871; x_wconf 91' lang='lat' dir='ltr'><em>F</em></span> <span class='ocrx_word' id='word_1_316' title='bbox 793 2850 832 2879; x_wconf 88' lang='lat'>27</span> <span class='ocrx_word' id='word_1_317' title='bbox 857 2844 892 2872; x_wconf 87' lang='lat' dir='ltr'>et</span> <span class='ocrx_word' id='word_1_318' title='bbox 909 2838 1104 2881; x_wconf 87' lang='lat' dir='ltr'>generacio]</span> <span class='ocrx_word' id='word_1_319' title='bbox 1120 2843 1172 2871; x_wconf 82' lang='lat' dir='ltr'>set</span> <span class='ocrx_word' id='word_1_320' title='bbox 1187 2838 1366 2879; x_wconf 86' lang='lat' dir='ltr'>generacio</span> <span class='ocrx_word' id='word_1_321' title='bbox 1381 2837 1444 2870; x_wconf 86' lang='lat' dir='ltr'>FD</span> 
     </span>
    </p>
   </div>
   <div class='ocr_carea' id='block_1_6' title="bbox 1652 1430 1773 1462">
    <p class='ocr_par' dir='ltr' id='par_1_18' title="bbox 1652 1430 1773 1462">
     <span class='ocr_line' id='line_1_40' title="bbox 1652 1430 1773 1462; baseline 0.008 -1"><span class='ocrx_word' id='word_1_322' title='bbox 1652 1430 1773 1462; x_wconf 65' lang='lat'>1622.</span> 
     </span>
    </p>
   </div>
  </div>
 </body>
</html>
