1934 3152
164 1499 288 1537 13b1.

388 388 540 442 Pars
581 386 847 441 Secunda
886 386 1053 440 Pm'm
1061 385 1086 439 i
1107 386 1281 440 Libri
1306 353 1624 440 Naturalis
1657 385 1852 439 Philo-

312 487 509 559 sophia
561 487 668 557 qui
714 489 797 539 est
844 485 935 539 De
995 484 1416 540 Commuuibus
1459 483 1855 540 Naturalium

313 587 552 652 Rerum,
581 589 636 639 et
659 588 743 639 est
764 584 833 638 de
858 584 1130 651 Materia,
1158 585 1392 652 Forma,
1422 587 1476 637 et
1498 583 1855 649 Privacioue,

313 687 370 738 el
389 685 560 739 liabet
582 683 1002 739 Distiuccioues
1028 695 1074 753 5.

369 819 533 861 Prima
553 825 619 862 est
634 819 686 860 de
706 819 909 872 materia,
928 817 1089 860 liabens
1109 817 1302 872 capitula
1325 829 1362 872 7.
1875 835 1892 867 5

376 905 622 961 Capitulum
641 906 848 962 primum
873 911 937 948 est
957 904 1163 959 quomodo
1195 906 1383 947 materia
1410 904 1573 948 dicitur
1599 905 1856 956 substancia,

310 978 601 1031 sz'cutforma‚
622 985 666 1019 et
683 977 974 1030 compositum,
995 982 1038 1017 et
1057 975 1248 1030 qualiter
1266 976 1471 1029 equivoce.

372 1073 534 1116 DICTO
566 1076 622 1116 de
658 1073 875 1116 efficiente
906 1080 951 1115 et
980 1073 1072 1128 ejus
1110 1073 1353 1123 influencia,
1386 1087 1500 1115 nunc
1535 1074 1578 1114 in
1614 1073 1696 1115 hae
1731 1080 1857 1128 parte

310 1144 504 1186 secunda
540 1143 844 1186 Communium
873 1144 1167 1186 Naturalium
1204 1144 1440 1185 dicendum
1476 1150 1542 1185 est
1578 1144 1635 1185 de
1672 1143 1856 1184 materia

310 1218 356 1255 et
384 1214 524 1255 forma
551 1221 596 1256 et
622 1215 874 1269 privacione
894 1220 940 1255 et
968 1214 1196 1268 potenciis‚
1219 1220 1263 1255 et
1289 1213 1535 1255 racionibus
1559 1213 1854 1263 seminalibus,
1876 1232 1916 1255 ιο

311 1289 356 1325 et
385 1283 441 1325 de
471 1284 677 1326 omnibus
704 1284 848 1326 causis
876 1283 1157 1326 naturalibus.
1220 1283 1484 1325 Substancia
1514 1284 1649 1338 igitur
1673 1282 1760 1325 alia
1787 1289 1855 1324 est

311 1353 506 1403 materia,
538 1353 624 1396 alia
655 1353 806 1402 forma,
840 1353 926 1395 alia
957 1354 1268 1408 compositum,
1300 1360 1342 1395 et
1378 1360 1479 1395 sunt
1515 1354 1776 1408 equivocata
1809 1353 1853 1394 in

309 1422 394 1465 hoc
415 1424 592 1465 nomine
612 1423 876 1475 substancia,
898 1437 977 1466 nec
1004 1429 1153 1479 potest
1180 1423 1302 1465 aliud
1330 1437 1468 1478 genus
1495 1424 1683 1478 reperiri.
1746 1423 1852 1464 Non

311 1493 426 1533 enim
449 1500 598 1547 potest
626 1491 632 1548 Ι
657 1493 839 1547 aliquod
859 1507 1093 1535 commune
1113 1493 1176 1534 eis
1197 1507 1294 1535 esse
1314 1494 1434 1547 quod
1461 1493 1518 1536 sit
1538 1507 1676 1548 genus
1697 1506 1849 1535 eorum

309 1569 354 1604 et
390 1570 524 1617 caput
555 1577 703 1615 unum,
734 1578 761 1605 a
793 1577 883 1617 quo
914 1564 1088 1605 dicatur
1118 1577 1258 1618 genus
1292 1577 1425 1605 unum
1458 1562 1727 1617 predicabile
1756 1563 1850 1605 sive
1873 1577 1910 1610 15

309 1646 444 1674 unum
477 1633 761 1687 predicatum,
787 1633 886 1676 licet
918 1634 1102 1675 materia
1134 1634 1306 1675 dicatur
1336 1633 1601 1683 substancia,
1630 1639 1675 1674 et
1706 1632 1849 1674 forma

308 1702 572 1753 substancia,
593 1703 704 1744 sicut
737 1704 1032 1758 compositum
1065 1709 1142 1754 est,
1168 1704 1275 1758 quia
1308 1709 1412 1744 tunc
1445 1703 1711 1744 divideretur
1742 1701 1850 1743 illud

306 1786 446 1827 genus
487 1786 564 1827 per
604 1772 878 1815 differencias
920 1773 963 1813 in
1005 1773 1172 1827 species
1217 1773 1446 1814 distinctas
1485 1773 1730 1814 abinvicem
1771 1785 1851 1826 per

307 1843 560 1893 essenciam,
610 1843 820 1896 quoniam
870 1842 1119 1885 differencie
1168 1843 1351 1884 divisive
1390 1855 1599 1896 generum
1642 1847 1850 1896 separant

303 1912 471 1966 species
512 1913 806 1955 essencialiter
845 1912 1110 1963 differentes,
1151 1919 1219 1955 set
1266 1912 1447 1954 materia
1488 1919 1533 1954 et
1580 1912 1721 1954 forma
1761 1925 1849 1953 non
1870 1927 1911 1950 20

302 1988 488 2035 possunt
525 1982 736 2036 distingui
772 1996 799 2023 a
835 1983 1084 2037 composito
1125 1996 1204 2037 per
1243 1982 1497 2027 essenciam.
1561 1981 1675 2024 Item
1717 1993 1849 2023 omne

301 2064 440 2105 genus
481 2052 542 2093 sic
588 2052 800 2094 dividitur
847 2067 925 2107 per
971 2052 1245 2094 differencias
1288 2052 1331 2093 in
1373 2052 1553 2105 species,
1601 2053 1742 2094 donec
1787 2052 1845 2093 ad

303 2121 496 2175 aliquam
519 2123 712 2175 speciem
743 2123 1104 2176 specialissimam
1126 2122 1194 2164 vel
1219 2122 1364 2177 plures
1384 2122 1569 2165 tandem
1590 2122 1848 2164 deveniatur

305 2205 384 2246 per
404 2191 675 2242 divisionem,
696 2206 783 2246 que
811 2193 978 2247 species
1005 2200 1108 2235 nate
1128 2200 1230 2234 sunt
1259 2206 1354 2234 esse
1382 2192 1604 2248 complete
1630 2192 1674 2233 in
1695 2192 1849 2233 ordine

305 2268 603 2302 creaturarum
640 2269 685 2303 et
721 2277 799 2316 per
833 2277 879 2304 se
917 2263 1060 2305 locum
1099 2263 1298 2314 diffinire,
1335 2263 1427 2304 sive
1469 2262 1710 2317 spiritualis
1751 2263 1845 2303 sive
1868 2275 1907 2307 25

304 2331 542 2385 corporalis
574 2332 629 2373 sit
665 2339 873 2374 creatura.
949 2332 1027 2374 Set
1058 2333 1168 2374 tales
1201 2346 1287 2374 non
1318 2339 1504 2387 possunt
1538 2345 1632 2374 esse
1663 2332 1849 2374 materia

306 2407 351 2442 et
373 2400 524 2451 forma,
555 2408 600 2443 et
630 2402 730 2444 ideo
757 2403 1009 2444 substancia
1037 2404 1198 2444 dicitur
1224 2403 1281 2444 de
1311 2402 1559 2456 composito
1588 2408 1633 2443 et
1659 2401 1847 2455 simplici

305 2471 517 2525 equivoce
567 2472 718 2523 tercio,
758 2472 939 2522 scilicet,
982 2474 1115 2514 modo
1158 2471 1525 2526 equivocacionis,
1568 2477 1612 2512 et
1651 2471 1845 2512 secundo

346 2572 367 2592 2
390 2562 464 2604 qui]
482 2563 612 2594 scilicet
628 2573 695 2603 que
710 2563 744 2594 F
925 2574 945 2603 3
970 2563 1188 2606 Privacione]
1206 2563 1405 2595 Privacione
1421 2567 1456 2594 et
1471 2562 1594 2594 Causis
1609 2561 1766 2592 omnibus
1781 2561 1846 2592 FD

304 2623 366 2652 4—7
392 2620 426 2646 et
443 2615 543 2646 habet
560 2640 567 2647 .
588 2639 595 2646 .
616 2639 622 2646 .
641 2616 806 2655 equivoce
822 2627 890 2647 om.
908 2616 943 2646 D
1222 2624 1262 2647 10
1286 2620 1320 2647 et
1337 2613 1545 2656 racionibus]
1564 2614 1793 2646 racionalibus
1808 2613 1845 2644 D

308 2676 320 2696 1
331 2676 342 2695 1
370 2666 588 2709 Substancia]
607 2667 883 2699 Substanciarum
898 2668 933 2699 D
1073 2679 1111 2699 12
1135 2667 1353 2709 equivocata]
1370 2667 1535 2707 equivoca
1551 2666 1614 2697 FD
1702 2666 1755 2708 in]
1772 2671 1806 2698 et
1818 2666 1851 2697 F

307 2727 346 2757 15
372 2719 595 2761 predicabile]
613 2720 900 2760 predicamentale
916 2720 949 2751 F
1200 2721 1241 2751 16
1265 2718 1493 2761 predicatum]
1511 2719 1799 2760 predicamentum
1816 2718 1850 2749 F

306 2780 344 2809 17
369 2775 420 2802 est
437 2782 503 2803 om.
523 2772 586 2802 FD
790 2782 833 2811 23
857 2773 1074 2814 deveniatur]
1094 2773 1288 2805 inveniatur
1305 2771 1341 2803 D
1547 2772 1591 2803 26
1614 2770 1674 2813 sit]
1692 2771 1792 2803 suerit
1807 2771 1843 2802 D

301 2832 343 2863 27
369 2824 576 2866 composito]
594 2824 780 2865 composita
798 2824 840 2856 M
