1934 3152
1052 83 1106 125 68

300 205 427 247 unius
459 210 526 247 est
563 202 795 257 corrupcio
829 200 1021 242 alterius.
1086 197 1266 252 Species
1304 203 1454 238 autem
1487 208 1710 249 coequeva
1741 193 1843 235 sub-

300 275 466 319 stancie
498 287 707 329 corporee
738 284 827 313 non
859 269 1009 311 celesti
1039 274 1105 311 est
1137 267 1390 309 substancia
1417 264 1628 320 corporea
1657 263 1846 314 celestis,

158 362 195 398 17
212 357 234 388 b
253 367 281 388 2.
301 360 407 401 ergo
429 359 455 386 a
476 357 659 399 corpore
682 343 726 382 in
748 341 843 384 celo
872 339 878 396 1
904 344 1056 395 posset
1078 352 1156 392 per
1177 343 1381 379 naturam
1406 325 1565 378 auferri
1587 340 1744 376 natura
1764 333 1845 376 celi

299 414 515 471 specifica,
538 420 583 455 et
604 412 751 454 induci
773 417 932 452 natura
954 422 1042 450 non
1064 408 1254 450 celestis.

358 484 571 528 Similiter
592 487 819 536 oporteret
840 480 960 533 quod
982 479 1039 521 ab
1069 477 1292 519 elemento
1313 476 1384 518 vel
1413 477 1557 518 mixto
1584 481 1736 530 posset
1755 474 1849 516 tolli
1872 492 1889 524 5

301 561 459 597 natura
491 551 771 596 elementaris
792 556 837 592 et
859 550 1002 598 mixti,
1024 554 1068 590 et
1090 548 1148 589 de
1167 547 1372 602 potencia
1394 546 1576 588 materie
1595 547 1845 588 communis

299 625 498 680 generari
536 629 696 665 natura
729 620 912 671 celestis,
950 631 1135 673 quorum
1178 623 1416 671 utrumque
1452 623 1520 659 est
1560 614 1842 669 impossibile.

302 694 589 749 Quapropter
609 692 730 746 apud
754 703 913 744 corpus
935 702 1024 731 non
1048 687 1211 729 residet
1233 687 1374 741 prima
1396 687 1525 728 radix
1548 685 1852 740 generacionis

301 779 382 807 nec
409 764 550 806 multo
581 763 723 817 magis
754 761 875 815 apud
906 758 1218 800 substanciam.
1259 757 1402 811 ⁶Ergo
1432 757 1476 797 in
1506 756 1645 798 tercio
1675 768 1848 809 genere,

300 834 477 885 scilicet,
500 833 622 887 quod
649 839 716 874 est
742 829 997 872 substancia
1025 841 1237 882 corporea
1265 840 1354 868 non
1384 825 1568 875 celestis,
1596 826 1844 880 invenietur
1874 841 1913 864 10

300 905 491 959 primurn
544 902 808 957 principium
857 898 1159 954 generacionis
1203 896 1439 938 fontaliter.
1502 896 1693 937 Inventa
1743 898 1847 937 vero

300 976 445 1017 radice
477 972 778 1029 generacionis
811 983 957 1012 rerum
992 976 1036 1011 et
1069 967 1366 1022 corrupcionis
1399 967 1444 1007 in
1477 966 1613 1008 tercio
1641 965 1847 1007 videlicet

298 1046 440 1101 gradu
473 1059 500 1086 a
532 1042 876 1098 generalissimo,
909 1038 1194 1081 manifestum
1228 1044 1294 1079 est
1327 1051 1384 1078 ex
1422 1036 1551 1079 dictis
1578 1035 1698 1089 quod
1733 1035 1845 1077 illud

298 1123 366 1159 est
398 1130 465 1158 res
497 1114 727 1169 cujusdam
759 1112 930 1167 generis
960 1109 1212 1152 subalterni.
1275 1108 1355 1151 Set
1386 1107 1472 1149 hoc
1504 1106 1844 1161 intelligendum

299 1194 364 1229 est
401 1200 502 1228 cum
539 1199 620 1227 suo
662 1182 902 1231 individuo,
944 1181 1047 1235 quia
1079 1179 1250 1234 duplex
1291 1184 1356 1219 est
1393 1177 1508 1219 linea
1544 1176 1845 1231 generacionis
1871 1190 1908 1223 15

298 1270 441 1299 rerum
458 1273 470 1308 3
504 1269 591 1297 una
612 1260 678 1296 est
700 1252 1040 1299 individuorum,
1057 1250 1143 1292 alia
1164 1255 1230 1290 est
1252 1248 1576 1298 universalium,
1596 1254 1641 1289 et
1657 1261 1683 1289 a
1700 1247 1846 1288 radice

299 1325 559 1369 individuali
600 1324 791 1366 decurrit
831 1321 1065 1377 generacio
1107 1319 1437 1362 individuorum
1475 1318 1733 1360 ulteriorum
1767 1330 1847 1371 per

94 1415 133 1446 F.
153 1415 233 1457 90b
252 1424 280 1447 2,
299 1397 451 1439 omnia
484 1396 710 1437 individua
738 1392 744 1449 Ι
771 1391 1083 1434 universalium
1120 1391 1368 1432 mediorum
1413 1391 1527 1431 inter
1568 1389 1760 1431 radicem
1802 1394 1845 1430 et

299 1467 520 1518 ultimum,
542 1466 655 1507 sicut
681 1478 707 1505 a
737 1463 885 1505 radice
916 1461 1148 1503 universali
1177 1465 1463 1514 promovetur
1490 1459 1724 1514 generacio
1752 1458 1846 1499 uni-

295 1536 532 1579 versalium
562 1534 818 1577 ulteriorum
851 1546 929 1587 per
957 1532 1108 1573 omnia
1141 1529 1401 1571 universalia
1433 1530 1592 1571 media.
1639 1528 1700 1569 Et
1731 1527 1846 1570 linea
1868 1540 1909 1563 20

297 1607 626 1649 individuorum
657 1603 911 1659 principalis
942 1608 1021 1655 est,
1047 1601 1258 1655 quoniam
1284 1600 1519 1655 generacio
1543 1605 1587 1641 et
1617 1598 1845 1653 corrupcio

298 1683 364 1720 est
396 1691 475 1732 per
501 1676 705 1718 accidens
730 1674 845 1715 circa
877 1671 1150 1720 universalia,
1173 1684 1251 1724 per
1279 1671 1482 1712 accidens
1510 1669 1611 1712 dico
1640 1675 1842 1724 respectu

297 1746 632 1802 principalitatis
645 1759 731 1799 que
748 1744 988 1798 reperietur
1000 1743 1044 1783 in
1059 1742 1173 1783 linea
1187 1740 1487 1795 generacionis
1505 1739 1844 1788 individuorum,

297 1819 411 1860 sicut
447 1816 802 1858 manifestabitur
839 1819 951 1868 post.
1016 1812 1097 1855 Set
1133 1812 1235 1866 quia
1276 1811 1457 1852 confusa
1499 1816 1543 1851 et
1585 1809 1844 1851 universalia

297 1895 398 1930 sunt
421 1888 564 1943 magis
586 1886 712 1928 nobis
735 1892 854 1936 nota,
877 1884 976 1925 ideo
998 1883 1277 1924 communius
1301 1881 1522 1934 loquimur
1551 1886 1595 1922 et
1624 1878 1839 1934 exempli·
1865 1889 1903 1922 25

298 1958 482 2001 ficamus
525 1958 580 1999 de
623 1955 912 2011 generacione
956 1952 1268 1995 universalium
1312 1946 1445 2005 quam
1474 1950 1842 2006 particularium.

300 2028 645 2072 Consideremus
672 2026 805 2081 igitur
826 2025 946 2078 quod
971 2024 1015 2064 in
1036 2030 1223 2076 utraque
1249 2022 1393 2063 radice
1414 2021 1729 2075 generacionis,
1753 2020 1844 2061 sive

300 2099 533 2141 universali
568 2098 660 2139 sive
693 2095 960 2150 particulari,
992 2094 1081 2135 duo
1122 2094 1179 2134 ad
1227 2092 1370 2133 minus
1412 2091 1577 2133 debent
1619 2091 1844 2145 assignari,

298 2170 476 2221 scilicet,
497 2168 683 2210 materia
711 2173 755 2208 et
781 2166 983 2222 privacio,
1005 2163 1215 2219 quicquid
1236 2163 1292 2204 sit
1314 2164 1370 2204 de
1392 2162 1546 2204 forma.
1610 2161 1717 2202 Tria
1745 2162 1840 2215 qui-

297 2242 400 2283 dem
423 2244 711 2281 numerantur
733 2236 947 2292 principia
970 2247 1114 2276 rerum
1138 2232 1420 2283 naturalium,
1443 2232 1623 2283 scilicet,
1645 2232 1842 2282 materia,
1862 2251 1903 2283 30

299 2310 508 2366 privacio,
549 2315 595 2350 et
647 2307 802 2361 forma,
843 2314 887 2349 et
932 2305 1077 2360 primo
1133 2310 1238 2346 sunt
1279 2303 1426 2357 aliqua
1469 2301 1737 2343 verificanda
1785 2302 1843 2344 de

158 2387 277 2420 18:11.
297 2379 379 2420 hiis
420 2378 463 2418 in
509 2375 755 2418 universali.
832 2373 1024 2415 Materia
1066 2372 1245 2425 quidem
1283 2377 1466 2413 vocatur
1507 2367 1512 2426 Ι
1553 2375 1649 2412 tota
1686 2376 1842 2412 natura

297 2448 470 2503 generis
523 2452 723 2501 respectu
780 2442 1088 2486 universalium
1138 2442 1504 2495 generandorum,
1560 2439 1628 2481 vel
1683 2446 1841 2482 natura

339 2565 361 2595 6
385 2567 419 2594 et
436 2561 550 2603 mixti]
568 2561 665 2593 mixti
680 2561 744 2592 FD
946 2560 967 2590 8
990 2557 1228 2600 generacionis
1243 2567 1312 2588 om.
1328 2555 1390 2587 FD
1588 2565 1610 2594 9
1634 2553 1714 2596 nec]
1734 2555 1798 2586 nisi
1815 2554 1847 2584 F

300 2627 338 2657 19
362 2614 534 2656 ultimum]
552 2614 669 2645 ultima
685 2615 734 2646 F:
759 2613 911 2644 ultimam
929 2612 964 2643 D
1265 2619 1308 2640 20
1332 2607 1548 2648 ulteriorum]
1566 2607 1756 2638 ultimorum
1775 2607 1838 2638 FD

298 2680 340 2709 23
364 2667 575 2708 reperietur]
594 2668 765 2708 reperitur
782 2666 844 2697 FD
1016 2673 1058 2703 25
1082 2662 1176 2704 ideo]
1192 2667 1226 2693 et
1244 2662 1321 2693 ideo
1339 2661 1374 2691 D
1500 2659 1731 2701 communius]
1749 2670 1838 2691 com-

296 2722 409 2753 munis
426 2722 455 2752 F
659 2731 700 2760 27
725 2716 1008 2758 Consideremus]
1025 2715 1320 2748 Considerandum
1337 2714 1370 2744 F
1560 2714 1602 2743 28
1625 2712 1837 2753 particulari]

292 2776 456 2816 singulari
470 2776 502 2806 F
647 2785 691 2814 30
715 2770 934 2812 naturalium]
953 2768 1194 2801 universalium
1209 2767 1272 2798 FD
1375 2764 1523 2807 scilicet]
1540 2765 1673 2796 scilicet
1690 2765 1800 2805 primo
1811 2765 1844 2796 F

293 2838 335 2868 33
360 2828 515 2869 generis]
534 2826 772 2868 generacionis
788 2824 838 2863 M,
856 2823 916 2855 sed
927 2834 1006 2855 corr.
1025 2822 1059 2852 in
1077 2831 1184 2861 marg.
1256 2819 1392 2861 natura]
1408 2823 1528 2850 natura
1541 2818 1714 2849 individua
1731 2818 1771 2849 M
