1934 3152
1027 47 1080 87 86

277 164 411 215 modi,
429 170 472 205 et
495 170 651 205 natura
668 162 852 205 animati
870 167 936 203 est
958 161 1141 203 materia
1154 160 1468 216 vegetabilium
1486 166 1531 202 et
1552 159 1821 202 sensibilium

277 241 320 276 et
343 233 690 276 racionabilium.
1564 236 1567 238 “

335 303 398 346 Et
420 304 524 357 quia
549 302 700 345 omnia
730 299 948 356 patefiunt
969 300 1143 355 planius
1164 301 1199 342 si
1221 299 1347 342 lineis
1369 306 1413 342 et
1431 298 1580 355 figuris
1598 287 1822 353 explicen-

276 382 358 426 tur,
381 374 481 416 ideo
503 374 559 415 ad
583 371 857 414 intellectum
880 370 1077 412 omnium
1099 370 1436 425 precedencium
1460 375 1504 411 et
1525 369 1821 423 sequendum,

275 444 376 486 volo
401 444 507 485 istas
537 442 771 485 divisiones
794 441 977 483 materie
1002 447 1046 483 et
1074 440 1215 483 forme
1243 447 1287 483 et
1317 439 1552 495 compositi
1576 438 1820 481 describere
1841 457 1858 490 5

276 515 318 555 in
341 514 497 568 figura,
520 520 564 555 et
584 512 669 554 hoc
697 518 790 554 tam
817 511 860 552 in
889 511 1204 553 universalibus
1232 525 1366 565 quam
1396 512 1439 553 in
1469 508 1822 566 particularibus,

275 599 301 625 a
324 582 659 640 generalissimis
686 595 765 636 per
796 580 946 622 omnia
975 581 1120 623 media
1150 581 1291 623 donec
1318 581 1374 623 ad
1407 579 1602 635 aliquam
1629 579 1822 633 speciem

276 653 637 709 specialissimam
663 659 707 694 et
739 652 832 706 ejus
861 651 1136 693 individuum
1167 651 1490 706 pertingamus,
1511 656 1555 691 et
1580 649 1665 691 hoc
1688 649 1821 691 modo

277 724 345 765 hic
382 722 558 764 sufficit.
622 722 740 763 Nam
778 721 894 762 idem
937 721 1097 763 modus
1139 727 1204 762 est
1241 720 1541 775 investigandi
1576 719 1824 774 quamlibet

277 794 468 848 speciem
505 792 620 834 sicut
657 805 804 833 unam.
865 790 982 832 Volo
1017 791 1149 846 igitur
1188 790 1415 833 hominem
1450 790 1744 833 universalem
1781 796 1825 831 et
1845 806 1886 828 10

278 863 546 917 singularem
564 862 827 915 investigare
848 875 925 916 per
946 860 1060 902 hanc
1081 860 1355 912 divisionem,
1374 867 1418 902 et
1438 874 1605 916 ponam
1622 867 1726 902 tunc
1744 859 1826 901 tria

277 934 422 989 capita
444 932 773 987 generalissima
794 945 894 974 cum
916 932 1005 973 suis
1031 930 1415 983 subdivisionibus,
1438 936 1487 972 ut
1508 935 1696 986 oportet.
1763 929 1825 970 Et

277 1005 380 1059 quia
413 1003 676 1045 universalia
707 1008 809 1044 sunt
838 1002 1034 1045 faciliora
1066 1001 1319 1049 intellectui,
1353 1001 1454 1043 ideo
1483 1014 1646 1056 ponam
1679 999 1824 1055 primo

277 1075 540 1117 divisionem
572 1073 897 1124 universalium,
930 1073 1131 1127 quamvis
1162 1072 1404 1114 secundum
1436 1078 1640 1114 naturam
1676 1070 1823 1125 priora

277 1146 364 1187 sint
384 1144 635 1200 singularia,
657 1150 703 1185 ut
726 1144 913 1198 patebit.
1848 1155 1886 1188 15

325 1278 339 1299 1
365 1266 627 1308 vegetabilium]
645 1265 848 1307 vegetalium
866 1265 902 1297 D
1221 1276 1241 1296 2
1263 1270 1297 1297 et
1314 1263 1585 1306 racionabilium]
1600 1263 1783 1295 racionalia
1798 1263 1832 1294 F

278 1332 298 1360 4
322 1319 563 1361 sequencium']
581 1320 869 1360 subsequencium
886 1319 921 1349 D
1121 1321 1142 1350 6
1165 1328 1266 1358 quam
1285 1318 1336 1360 in]
1354 1328 1454 1358 quam
1470 1317 1506 1348 D
1703 1317 1724 1347 8
1748 1325 1824 1356 per-

278 1372 465 1414 tingamus]
485 1373 707 1403 deveniamus
722 1371 758 1402 D
890 1383 912 1413 9
935 1371 1182 1413 investigandi]
1199 1371 1391 1410 vestigandi
1407 1371 1441 1402 F
1568 1379 1609 1401 10
1631 1368 1822 1410 hominem]

278 1428 400 1460 horum
418 1428 461 1459 M
581 1437 620 1467 14
645 1427 903 1469 universalium]
921 1427 1147 1459 universalem
1168 1427 1202 1457 D
1319 1436 1423 1467 14-15
1447 1426 1562 1467 priora
1577 1424 1664 1467 sint]
1681 1424 1776 1456 sicud
1793 1423 1828 1455 D

283 1493 320 1523 15
345 1483 492 1526 patebit]
510 1483 637 1525 patebit
650 1484 719 1523 jam
736 1484 770 1514 in
788 1484 897 1524 figura
913 1483 948 1514 D

345 1845 593 1900 Capilnlmn
617 1853 685 1899 5¹²².
708 1845 760 1887 de
772 1843 965 1901 figurali
981 1843 1255 1899 disposicione
1287 1842 1468 1885 materie
1475 1843 1629 1897 forme
1649 1849 1693 1884 et
1709 1856 1821 1884 com-

274 1924 416 1971 poszli.

330 2058 370 2088 16
394 2059 566 2094 Figurali
596 2053 866 2095 disposicione]
896 2052 1013 2084 Bacon
1040 2051 1177 2082 derives
1203 2051 1262 2083 the
1288 2050 1367 2091 plan
1395 2049 1433 2081 of
1456 2050 1556 2081 these
1585 2050 1712 2090 figures
1743 2050 1828 2081 from

285 2110 452 2141 Boethius
476 2120 519 2140 on
537 2109 721 2149 Porphyry
737 2118 776 2139 or
791 2106 912 2138 Albert
928 2106 971 2137 de
988 2103 1252 2136 Predicabilibus
1263 2114 1290 2136 c.
1309 2114 1341 2144 9.
1388 2103 1462 2134 The
1486 2103 1610 2134 earlier
1627 2103 1714 2134 form
1734 2103 1788 2145 (in
1804 2102 1837 2134 F

285 2163 319 2193 D
344 2163 410 2194 and
434 2162 494 2193 the
519 2162 701 2193 Cottonian
723 2160 894 2200 fragment
910 2159 953 2191 iv.
971 2158 992 2190 f.
1010 2157 1069 2199 22)
1089 2157 1242 2189 contains
1266 2158 1350 2197 only
1367 2156 1467 2188 those
1495 2155 1534 2187 os
1551 2156 1734 2188 substance
1761 2156 1828 2187 and

283 2216 381 2247 form.

334 2342 373 2371 16
397 2340 592 2380 Capitulum
612 2365 617 2370 .
637 2363 643 2369 .
663 2363 670 2370 .
689 2336 868 2378 compositi
885 2346 949 2368 om.
968 2334 1032 2365 FD
