1934 3152
806 137 860 192 65

121 358 362 400 Distz'nctz'o
404 358 605 400 Secunda
644 359 696 400 de
735 358 990 413 quibusdam
1031 360 1136 401 aliis
1174 373 1252 413 qne
1281 361 1508 414 pertinent
1547 363 1609 403 ad
1626 375 1696 409 172
1716 378 1743 399 1.

63 429 313 481 materiam,
324 429 635 482 privacionem,
656 435 698 469 et
706 429 921 482 formam.
978 429 1158 470 Habens
1176 442 1205 480 4
1224 429 1428 483 capitula.

127 531 376 587 Capitulum
408 532 610 586 primum
650 531 769 573 docet
807 532 1011 585 quomodo
1054 539 1096 574 et
1135 533 1210 575 ubi
1253 535 1298 576 ἐκ
1321 535 1604 588 generacz'one

63 601 299 644 substancie
320 601 573 643 inveniatur
588 603 734 655 primo
760 603 948 644 materia
968 603 1200 645 naturalis.

28 727 45 758 5
123 715 254 757 Nunc
283 715 384 756 volo
418 716 684 757 descendere
714 716 769 757 ad
809 729 860 757 ea
897 730 983 770 que
1016 717 1236 771 pertinent
1269 718 1396 760 rebus
1428 732 1604 772 genera-

64 784 227 826 bilibus
247 791 292 826 et
313 784 684 839 corruptibilibus,
707 791 754 826 ut
776 799 1017 839 prosequar
1038 799 1089 827 ea
1111 800 1195 839 que
1217 787 1262 828 in
1283 788 1488 842 operibus
1509 788 1604 830 aliis

65 867 154 895 non
189 860 290 895 sunt
326 860 527 896 tractata.
591 855 784 909 Oportet
816 868 920 895 vero
958 855 1148 910 incipere
1178 870 1204 897 a
1236 857 1469 910 principiis,
1501 859 1604 912 quia

1 937 8 942 “
65 936 216 965 eorum
246 924 445 978 cognicio
475 924 616 977 prima
646 930 723 965 est.
788 923 848 964 Et
877 924 933 964 de
961 924 1176 978 principio
1203 925 1432 976 efficiente,
1453 927 1604 981 scripsi

65 993 172 1035 satis
213 993 257 1033 in
297 993 562 1035 tractatibus
604 994 660 1035 de
701 991 940 1047 Speciebus
972 1000 1015 1035 et
1055 993 1304 1036 Virtutibus
1351 994 1602 1049 Agencium

8 1073 49 1096 10
67 1061 359 1104 Naturalium.
426 1062 485 1103 Et
523 1064 579 1104 de
621 1063 819 1112 materia,
860 1062 1076 1104 verificavi
1118 1063 1239 1116 quod
1282 1078 1369 1105 non
1410 1071 1477 1107 est
1518 1079 1604 1106 una

66 1146 249 1174 numero
267 1132 310 1173 in
328 1132 456 1173 rebus
474 1132 691 1183 omnibus,
705 1145 784 1174 nec
801 1145 887 1172 una
904 1132 1059 1185 specie,
1073 1145 1150 1174 nec
1165 1145 1324 1186 genere
1340 1133 1607 1186 subalterno,

66 1208 133 1243 set
163 1201 504 1257 generalissimo,
533 1207 577 1243 et
606 1201 715 1242 solvi
745 1201 1049 1243 cavillaciones
1078 1202 1122 1242 in
1150 1203 1427 1252 contrarium,
1456 1210 1499 1244 et
1522 1203 1605 1245 hoc

67 1279 133 1313 est
171 1284 380 1325 magnum
416 1271 752 1312 fundamentum
788 1271 832 1311 in
868 1271 1122 1324 cognicione
1151 1285 1294 1313 rerum
1332 1272 1607 1321 naturalium,

67 1342 170 1396 quia
198 1341 232 1382 si
260 1347 373 1382 esset
402 1342 586 1382 materia
617 1355 703 1382 una
735 1354 918 1382 numero
948 1347 996 1382 ut
1024 1348 1205 1395 ponunt,
1232 1355 1456 1396 nunquam
1485 1342 1608 1385 fieret

10 1421 48 1454 15
67 1412 310 1466 generacio,
349 1418 398 1453 ut
432 1411 627 1465 probavi,
658 1417 702 1452 et
738 1417 834 1452 tota
867 1410 997 1452 series
1030 1412 1330 1464 generacionis
1366 1413 1608 1455 tolleretur.

69 1481 151 1523 Set
187 1496 265 1536 per
295 1495 347 1523 ea
377 1495 464 1535 que
496 1481 614 1522 dicta
645 1487 758 1531 sunt,
789 1488 942 1535 aperta
973 1487 1040 1522 est
1067 1480 1160 1535 jam
1191 1482 1261 1524 via
1291 1483 1347 1523 ad
1380 1483 1608 1524 sciendum

68 1551 217 1592 omnia
246 1565 331 1606 que
360 1551 603 1592 necessaria
631 1556 733 1591 sunt
763 1551 807 1591 in
836 1551 1126 1604 generacione
1155 1565 1298 1592 rerum
1329 1553 1607 1594 naturalium.

70 1620 131 1663 Et
153 1621 358 1676 primum,
390 1621 510 1674 quod
532 1626 708 1674 oportet
735 1621 910 1662 adnecti
939 1621 1321 1674 predeterminatis
1347 1622 1403 1663 de
1426 1622 1611 1662 materia

70 1698 135 1732 est
156 1691 275 1744 quod
302 1690 565 1731 considerari
597 1689 730 1730 debet
758 1689 832 1731 ubi
858 1690 901 1730 in
927 1689 1042 1731 linea
1070 1690 1431 1744 predicamentali
1459 1691 1610 1745 incipit

11 1770 52 1792 20
70 1760 254 1802 materia
294 1759 386 1800 fieri
437 1758 656 1801 naturalis.
739 1759 858 1801 Nam
900 1759 1003 1813 quia
1051 1758 1135 1800 hoc
1176 1772 1263 1800 non
1311 1760 1611 1802 consideratur

70 1843 96 1871 a
116 1829 264 1884 vulgo,
286 1829 443 1871 accidit
464 1842 580 1870 error
600 1829 755 1870 varius.
821 1829 882 1870 Et
908 1828 1089 1883 planum
1113 1836 1177 1870 est
1204 1831 1325 1883 quod
1348 1843 1435 1870 non
1457 1830 1609 1884 incipit

71 1899 115 1940 in
149 1913 308 1955 genere
344 1898 675 1952 generalissimo
707 1912 786 1939 nec
819 1899 863 1939 in
896 1899 1078 1940 materia
1109 1905 1151 1940 et
1194 1899 1334 1940 forma
1369 1900 1478 1953 ejus,
1508 1901 1610 1954 quia

71 1968 146 2009 illa
168 1970 210 2009 in
233 1968 437 2010 omnibus
465 1968 685 2010 habentur
708 1982 786 2021 per
808 1968 1090 2017 creacionem,
1113 1968 1322 2021 quoniam
1346 1970 1611 2011 conveniunt

70 2037 368 2093 spiritualibus
394 2044 439 2078 et
465 2037 813 2090 corporabilibus
842 2044 886 2078 et
910 2037 1143 2079 celestibus
1166 2044 1212 2080 et
1232 2037 1340 2080 aliis.
1402 2038 1613 2080 Similiter

13 2117 51 2149 25
71 2121 150 2150 nec
173 2107 216 2149 in
239 2108 380 2162 prima
402 2108 547 2161 specie
569 2121 654 2160 que
676 2107 872 2161 sequitur
893 2107 975 2148 hoc
996 2120 1146 2161 genus,
1167 2121 1253 2161 que
1274 2114 1341 2150 est
1363 2109 1612 2150 substancia

71 2176 308 2232 spiritualis
346 2182 390 2217 et
427 2177 695 2230 incorporea,
735 2177 840 2230 quia
876 2176 950 2217 illa
991 2183 1204 2229 quantum
1248 2178 1304 2218 ad
1346 2177 1525 2232 angelos
1566 2185 1612 2220 et

116 2330 136 2351 2
162 2319 198 2361 4]
223 2319 288 2359 9F
394 2329 458 2359 2-4
483 2318 713 2359 privacionem
732 2341 739 2349 .
759 2343 765 2349 .
784 2343 791 2350 .
808 2317 972 2349 naturalis
996 2328 1061 2349 om.
1080 2318 1115 2348 D
1214 2328 1302 2358 5-10
1327 2318 1425 2350 Nunc
1449 2319 1529 2351 volo
1545 2344 1554 2352 .
1573 2344 1582 2352 .
1602 2343 1610 2351 .

74 2371 307 2413 Naturalium]
336 2371 403 2402 His
431 2372 567 2410 habitis,
597 2372 675 2402 volo
701 2371 911 2402 descendere
937 2371 980 2402 ad
1011 2382 1051 2402 ea
1077 2381 1144 2410 que
1166 2372 1342 2411 pertinent
1364 2372 1407 2403 ad
1437 2373 1610 2404 materiam

74 2425 273 2464 naturalem,
293 2429 327 2455 et
342 2435 440 2455 sumo
458 2424 501 2454 de
517 2428 635 2455 cetero
652 2424 828 2454 materiam
843 2423 916 2454 sive
929 2424 1010 2462 (om.
1033 2423 1082 2464 D)
1109 2424 1255 2454 animam
1270 2423 1377 2465 (illam
1392 2424 1443 2463 D)
1468 2435 1534 2465 que
1558 2430 1612 2456 est

73 2477 224 2519 simplex
250 2477 416 2517 essencia,
451 2477 585 2507 diversa
609 2476 643 2506 in
668 2476 825 2507 essencia
860 2486 879 2506 a
903 2476 1010 2507 forma
1044 2476 1257 2507 constituens
1285 2477 1511 2517 compositum
1535 2477 1610 2510 sive

18 2548 22 2552 -
75 2531 184 2571 magis
207 2530 435 2570 compositum
460 2529 702 2568 incompletum
718 2528 865 2569 generis,
884 2529 974 2568 quod
999 2533 1051 2560 est
1073 2529 1107 2559 in
1122 2529 1281 2569 potencia
1306 2529 1362 2569 (ad
1375 2529 1423 2571 D)
1450 2530 1610 2562 materias

74 2572 265 2624 specificas,
295 2583 386 2623 quod
415 2587 468 2613 est
498 2581 689 2622 principale
723 2581 913 2620 subjectum
951 2581 986 2612 in
1018 2581 1257 2621 generacione,
1294 2582 1341 2612 ita
1376 2583 1467 2622 quod
1502 2583 1610 2614 forma

75 2635 282 2676 incompleta
304 2640 462 2676 respectu
491 2634 614 2674 (forme
643 2633 693 2676 D)
720 2633 889 2673 complete
915 2632 1037 2664 dicitur
1061 2633 1218 2665 essencia
1244 2634 1326 2675 (om.
1345 2634 1396 2675 D)
1425 2636 1612 2668 materialis

75 2689 140 2720 hoc
158 2688 258 2719 modo
274 2687 337 2718 FD
445 2697 485 2718 10
510 2687 553 2717 Et
577 2687 620 2717 de
636 2685 794 2727 materia]
814 2686 866 2717 De
890 2686 1031 2717 materia
1048 2696 1130 2726 ergo
1146 2685 1182 2716 D
1199 2697 1207 2718 :
1231 2685 1284 2717 De
1309 2687 1450 2718 materia
1465 2687 1568 2728 igitur
1586 2689 1620 2720 F

78 2751 118 2772 12
142 2739 400 2782 cavillaeiones]
423 2739 708 2771 conversaciones
723 2737 758 2768 D
873 2739 912 2768 16
935 2737 1013 2779 per]
1032 2743 1109 2778 post
1125 2738 1160 2768 D
1277 2740 1316 2770 18
1338 2739 1474 2772 adnecti
1489 2751 1556 2772 om.
1575 2741 1611 2772 D

78 2803 120 2835 19
144 2792 246 2824 debet
258 2803 324 2824 om.
343 2792 378 2822 D
564 2802 605 2831 24
627 2795 702 2831 post
717 2790 793 2822 aliis
808 2790 884 2822 add.
903 2790 965 2820 FD
982 2791 1072 2822 unde
1088 2791 1249 2832 operacio
1267 2796 1387 2823 nature
1403 2803 1472 2824 non
1490 2793 1610 2835 incipit

75 2846 122 2887 ibi
140 2855 203 2876 nec
220 2845 343 2876 desinit

142 2926 168 2943 R.
185 2925 211 2942 Β.
228 2925 247 2942 11
832 2909 858 2939 F
