1934 3152
818 127 894 155 101

87 232 236 284 cionis,
270 238 318 274 ut
354 233 410 273 de
447 230 670 285 principiis
707 230 835 283 primi
873 228 1097 277 individui,
1134 235 1182 270 ut
1214 228 1346 282 hujus
1379 229 1630 270 substancie

88 315 175 356 que
204 308 270 343 est
299 301 573 342 individuum
604 300 776 354 generis
803 298 1130 354 generalissimi,
1160 297 1254 352 ejus
1283 297 1508 339 individua
1529 305 1629 338 sunt

89 370 316 413 individua
343 371 484 424 prime
513 370 653 412 forme
679 376 723 410 et
755 369 894 423 prime
916 368 1110 417 materie,
1133 374 1178 410 et
1209 367 1290 409 hec
1313 366 1454 408 forma
1485 367 1630 421 prima

88 447 132 482 et
163 440 244 481 hec
278 441 463 481 materia
495 439 650 494 prima,
681 440 908 492 quomodo
941 437 1279 486 individuantur,
1311 443 1355 478 et
1386 436 1492 490 quid
1526 436 1629 478 facit

48 527 66 559 5
86 509 182 551 illas
205 524 300 552 esse
321 510 581 558 individuas,
606 522 704 551 cum
729 521 816 550 non
842 508 929 549 sint
958 507 1124 561 aliquid
1146 506 1228 547 nisi
1256 520 1334 547 sua
1356 506 1628 555 universalia,

86 579 263 635 scilicet,
289 579 432 621 forma
458 580 600 632 prima
629 578 884 619 universalis
912 585 957 619 et
986 577 1170 618 materia
1191 575 1334 631 prima
1363 576 1627 618 universalis

88 648 376 703 Querendum
414 656 481 691 est
520 650 577 691 ab
620 647 714 699 illis,
746 648 851 702 quid
893 647 996 688 facit
1038 647 1298 688 universalia
1339 660 1492 687 eorum
1533 659 1629 688 esse

90 718 363 771 universalia,
399 725 442 760 et
484 732 570 760 non
608 724 793 772 possunt
826 718 984 767 dicere,
1016 716 1097 757 nisi
1137 717 1256 771 quod
1301 716 1484 758 Creator
1524 716 1629 758 facit

82 788 301 841 quidlibet
332 789 577 830 secundum
609 788 729 842 quod
762 787 1007 841 proprietas
1039 800 1117 827 sua
1151 786 1302 840 exigit,
1339 792 1383 827 et
1416 786 1516 827 ideo
1549 799 1626 826 na-

26 876 66 899 10
83 865 242 910 turam,
272 859 315 899 in
346 872 434 912 qua
466 858 607 900 multa
643 858 806 900 debent
843 856 1088 907 convenire,
1118 855 1222 898 facit
1247 856 1548 907 universalem,
1582 862 1626 897 et

87 934 290 969 naturam
336 928 520 969 divisam
570 929 627 969 ab
675 928 762 969 alia
809 926 912 967 facit
956 926 1236 980 singularem,
1278 926 1395 967 unde
1441 924 1626 967 Creator

82 996 194 1039 hanc
224 999 453 1039 materiam
486 998 674 1052 primam
703 997 804 1039 fecit
833 996 1112 1051 singularem,
1138 996 1241 1050 quia
1271 1009 1350 1036 sua
1378 996 1626 1049 proprietas

81 1066 164 1107 hoc
202 1068 353 1121 exigit,
391 1075 435 1110 et
471 1068 582 1109 hanc
619 1068 807 1109 formam
844 1067 1030 1121 primam
1067 1066 1168 1107 fecit
1204 1066 1486 1113 individuam,
1524 1065 1626 1119 quia

86 1136 180 1190 ejus
218 1144 374 1178 natura
407 1138 491 1179 hoc
526 1138 720 1191 requirit.
784 1137 844 1177 Et
875 1135 1078 1176 similiter
1111 1135 1312 1184 formam,
1339 1136 1382 1175 in
1418 1148 1505 1188 qua
1539 1136 1624 1176 due

24 1224 62 1257 15
83 1203 221 1246 forme
254 1207 532 1256 conveniunt,
554 1207 658 1249 fecit
690 1206 992 1256 universalem,
1015 1212 1059 1246 et
1088 1205 1317 1246 materiam
1344 1205 1387 1245 in
1418 1218 1506 1258 qua
1537 1205 1623 1245 due

81 1275 265 1317 materie
298 1276 568 1330 participant
600 1276 701 1318 fecit
735 1289 1028 1324 communem,
1060 1276 1164 1329 quia
1196 1288 1345 1316 earum
1377 1273 1624 1328 proprietas

78 1343 161 1386 hoc
179 1346 397 1399 exposcit,
413 1347 524 1388 sicut
546 1346 649 1388 fecit
666 1346 836 1388 asinum
855 1346 1098 1387 secundum
1121 1344 1215 1398 ejus
1232 1344 1559 1398 proprietatem,
1578 1349 1622 1384 et

78 1413 304 1455 hominem
326 1416 569 1457 secundum
591 1430 732 1467 suam,
755 1422 798 1456 et
820 1415 979 1456 omnia.
1043 1414 1102 1455 Et
1125 1414 1224 1455 ideo
1247 1412 1439 1454 stulticia
1460 1425 1622 1465 magna

79 1490 146 1525 est
167 1484 211 1525 in
232 1484 488 1540 hujusmodi
510 1487 740 1540 questione
762 1499 897 1538 quarn
922 1484 1087 1525 faciunt
1108 1485 1164 1525 de
1184 1483 1544 1525 individuacione.

18 1632 58 1654 20
338 1608 587 1664 Capitulum
612 1616 708 1651 lom.
770 1609 821 1650 de
842 1609 984 1651 causis
1005 1608 1363 1650 universalitatis.

136 1699 225 1742 Sed
255 1703 396 1757 major
427 1709 494 1744 est
523 1703 579 1744 de
611 1710 769 1744 natura
795 1702 1049 1744 universalis
1080 1702 1356 1757 predicabilis
1388 1703 1444 1743 de
1474 1703 1620 1757 singu-

80 1770 260 1823 laribus,
300 1773 511 1827 quoniam
554 1779 742 1826 querunt
783 1773 890 1826 quid
932 1773 1063 1813 saciat
1106 1772 1424 1824 universalem3
1469 1779 1513 1815 et
1555 1778 1622 1814 est

78 1842 344 1896 quintuplex
385 1843 549 1897 posicio
591 1850 736 1897 preter
776 1842 1047 1897 posicionem
1086 1843 1292 1884 Platonis.
1359 1841 1485 1884 Plato
1517 1857 1621 1885 vero

76 1910 194 1952 dixit
229 1912 349 1965 quod
384 1912 646 1954 universalia
678 1912 853 1954 fuerunt
890 1913 1003 1966 ydee
1042 1912 1350 1967 intelligibiles,
1391 1926 1477 1966 que
1518 1920 1619 1954 nate

16 1994 55 2026 25
73 1987 176 2021 sunt
198 1986 315 2021 stare
336 1988 464 2023 extra
485 1989 679 2023 mentem
702 1982 911 2032 divinam,
928 1990 971 2023 et
993 1989 1120 2024 extra
1142 1989 1344 2023 naturam
1366 1981 1618 2023 sensibilem

77 2063 156 2103 per
192 2063 238 2090 se
276 2050 320 2090 in
357 2051 522 2092 mundo
554 2065 633 2092 suo
666 2051 942 2104 intelligibili,
975 2065 1060 2104 que
1090 2059 1238 2093 tamen
1271 2052 1539 2105 recipiuntur
1575 2052 1619 2092 in

75 2119 259 2160 materia
280 2119 472 2161 sensibili
495 2121 538 2160 in
564 2121 850 2173 generacione
876 2128 920 2163 et
941 2121 1224 2175 expelluntur
1249 2122 1293 2162 in
1321 2122 1618 2176 corrupcione.

75 2186 156 2229 Set
188 2188 454 2230 Aristoteles
488 2190 530 2230 in
564 2196 608 2242 7⁰
635 2190 949 2244 Metlcaplcz'sz'ce
985 2198 1029 2231 et
1065 2196 1108 2230 20
1143 2192 1286 2245 arguit
1328 2198 1480 2232 contra
1520 2192 1617 2238 hoc,

73 2256 177 2311 quia
208 2272 339 2300 omne
370 2260 490 2312 quod
522 2273 599 2312 per
629 2273 676 2300 se
707 2266 794 2301 stat
826 2267 891 2301 est
924 2260 1143 2314 singulare
1175 2267 1217 2301 et
1253 2274 1388 2302 unum
1421 2274 1617 2313 numero,

13 2341 55 2373 30
74 2340 181 2382 ergo
217 2328 314 2369 idee
351 2334 452 2369 sunt
486 2329 725 2383 singulares
760 2337 804 2371 et
835 2344 970 2371 unum
1004 2344 1199 2381 numero,
1230 2338 1498 2386 quapropter
1528 2342 1616 2372 non

75 2405 260 2451 possunt
291 2398 454 2440 habere
490 2405 692 2441 naturam
731 2400 995 2449 universalis,
1032 2407 1076 2442 et
1110 2401 1259 2442 multis
1295 2402 1438 2443 modis
1472 2403 1616 2455 arguit

75 2467 171 2508 hoc.
235 2466 296 2508 Et
330 2468 434 2521 quia
471 2468 607 2509 stulta
641 2476 707 2510 est
747 2470 924 2522 posici0‚
959 2477 1003 2512 et
1037 2470 1181 2511 nullus
1216 2471 1324 2512 dicit
1357 2484 1471 2512 nunc
1503 2472 1614 2513 sicut

77 2535 215 2588 Plato,
244 2536 344 2579 ideo
372 2539 428 2579 ad
458 2539 704 2592 posiciones
735 2540 1044 2581 modernorum
1078 2540 1386 2582 recurrendum
1413 2547 1488 2582 est.
1554 2541 1614 2582 Et

75 2612 142 2647 est
175 2620 261 2648 una
294 2607 534 2663 solempnis
567 2608 760 2662 posicio;
803 2609 923 2662 quod
957 2609 1200 2651 universale
1234 2623 1322 2652 non
1357 2617 1421 2652 est
1455 2611 1535 2651 nisi
1570 2611 1614 2651 in

13 2687 53 2719 35
73 2675 230 2717 anima.
293 2677 400 2718 Alia
436 2683 501 2719 est
538 2679 657 2731 quod
695 2678 937 2719 universale
971 2678 1028 2720 sit
1061 2679 1104 2719 in
1137 2679 1264 2721 rebus
1297 2694 1375 2734 per
1406 2680 1609 2722 animam.

73 2749 117 2798 3ξι
152 2752 216 2786 est
253 2748 371 2799 quod
409 2747 652 2788 universale
684 2747 765 2788 sub
798 2747 972 2789 racione
1005 2748 1256 2789 universalis
1290 2755 1354 2791 est
1393 2750 1436 2790 in
1470 2750 1613 2803 rebus,

572 2833 613 2863 28
637 2835 674 2866 7¹¹
691 2832 982 2874 Methaphisiee]
1006 2844 1032 2865 c.
1051 2843 1103 2874 53.

1642 1705 1767 1744 27b2.
