1934 3152
143 1002 271 1041 33b1.

90 1350 125 1381 F.
144 1358 186 1392 93
202 1350 224 1381 b
243 1358 270 1381 2.

1021 50 1105 81 120

289 155 356 197 lac
406 155 582 210 signum
630 152 794 209 partus
832 160 1033 208 respectu
1081 154 1296 208 preteriti,
1349 161 1393 196 et
1442 153 1606 195 habere
1652 166 1835 208 magnas

289 226 597 268 extremitates
631 231 832 277 respectu
866 224 1093 278 presentis,
1132 230 1176 265 et
1209 238 1337 279 posse
1370 224 1529 266 docere
1561 228 1628 265 est
1659 223 1834 278 signum

289 296 478 349 scientis,
503 301 547 336 et
570 301 724 336 cantus
746 294 851 349 galli
877 300 944 335 est
970 294 1145 348 signum
1168 300 1287 336 certe
1308 294 1414 336 hore
1437 293 1593 344 noctis,
1615 300 1658 334 et
1670 306 1837 334 aurora

289 373 355 407 est
378 366 552 420 signum
584 364 718 405 futuri
752 370 873 405 ortus
901 363 1021 415 solis,
1054 369 1099 405 et
1130 363 1210 406 hec
1238 363 1449 418 exempla
1479 363 1645 405 habent
1676 376 1834 404 conve·

289 436 506 476 nienciam
530 433 835 475 necessariam.
900 432 1154 475 Secundum
1176 448 1280 475 vero
1303 433 1660 475 convenienciam
1676 433 1835 487 proba-

290 505 437 555 bilem,
454 510 616 545 terram
640 516 735 544 esse
758 503 986 544 madidam
1009 509 1074 545 est
1096 504 1270 558 signum
1295 503 1440 558 pluvie
1463 502 1683 557 preterite‚
1702 508 1747 543 et
1768 515 1836 542 re-

290 581 445 629 spectu
478 573 695 628 presentis
724 586 821 614 esse
854 571 1039 614 matrem
1072 579 1139 614 est
1171 574 1345 628 signum
1377 572 1643 623 dileccionis,
1666 578 1711 613 et
1741 585 1837 613 esse

289 644 586 686 errabundum
611 643 667 684 de
689 649 820 684 nocte
842 649 909 684 est
931 643 1104 697 signum
1121 644 1226 685 suris
1243 643 1312 684 vel
1329 643 1556 691 luxuriosi,
1572 648 1616 683 et
1635 648 1836 696 respectu

288 713 422 754 futuri
456 713 625 754 rubedo
662 713 776 754 aeris
806 714 1058 767 vespertina
1086 720 1153 756 est
1184 714 1360 767 signum
1392 711 1640 754 serenitatis
1669 712 1713 752 in
1743 725 1836 752 cra-

288 783 419 835 stino,
441 789 484 824 et
507 783 676 824 rubedo
699 783 742 823 in
765 797 895 825 mane
918 790 985 825 est
1006 784 1181 838 signum
1206 783 1365 839 pluvie.
1427 782 1658 825 Secundus
1680 781 1839 822 modus

288 853 401 907 signi
425 852 637 895 naturalis
669 859 735 894 est
764 866 821 894 ex
851 852 1216 907 configuracione,
1240 859 1283 895 et
1313 853 1374 894 sic
1404 865 1535 894 omne
1563 851 1683 906 quod
1706 847 1839 892 ‘fit‘ad

289 922 620 964 similitudinem
643 922 822 964 alterius
843 929 910 965 est
938 923 1129 977 signum,
1150 930 1200 965 ut
1226 923 1369 964 omnis
1391 935 1555 977 ymago
1578 928 1645 963 est
1666 921 1838 974 signum

290 993 352 1034 rei
383 993 507 1047 cujus
540 999 608 1034 est
636 1006 815 1048 ymago,
846 1000 889 1035 et
918 991 922 1048 Ι
950 994 1012 1035 sic
1038 993 1206 1047 species
1238 1000 1282 1035 et
1314 991 1557 1033 similitudo
1582 991 1764 1045 agentis,
1796 997 1841 1032 et

289 1062 405 1104 filius
437 1062 704 1104 assimilatus
742 1063 870 1116 patri,
902 1069 946 1104 et
983 1064 1133 1104 omnia
1169 1061 1445 1116 configurata
1481 1061 1578 1103 aliis
1615 1060 1745 1103 rebus
1781 1060 1841 1102 sic

288 1139 392 1174 sunt
414 1132 552 1186 signa,
570 1133 686 1174 unde
708 1133 855 1174 omnia
877 1132 1110 1175 artificiata
1132 1139 1234 1174 sunt
1256 1133 1382 1186 signa
1400 1131 1517 1182 artis,
1536 1138 1578 1173 et
1595 1131 1838 1186 specierum
1883 1139 1898 1170 ῖ

289 1201 585 1243 artificialium
622 1202 665 1243 in
701 1203 861 1254 anima,
893 1210 938 1245 et
971 1218 1063 1245 vox
1096 1210 1162 1244 est
1193 1204 1255 1244 sic
1288 1203 1463 1257 signum
1496 1215 1573 1243 sue
1605 1201 1766 1256 speciei
1797 1201 1841 1241 in

290 1273 450 1324 anima,
472 1279 516 1313 et
539 1272 640 1313 ideo
662 1273 806 1313 omnis
826 1287 917 1314 vox
940 1280 1007 1314 est
1036 1273 1212 1326 signum
1235 1272 1435 1314 naturale
1464 1271 1548 1312 hoc
1570 1271 1718 1320 modo,
1740 1270 1841 1312 licet

291 1348 447 1397 postea
476 1342 731 1395 imponatur
756 1342 829 1383 alii
864 1357 922 1384 ex
959 1343 1254 1384 institucione.
1300 1341 1305 1395 Ι
1350 1342 1410 1384 Et
1439 1341 1576 1383 tercio
1608 1341 1743 1383 modo
1775 1346 1842 1382 est

290 1412 464 1466 signum
497 1411 710 1460 naturale,
750 1419 798 1454 ut
830 1413 1067 1465 vestigium
1106 1413 1271 1467 pedum
1310 1418 1376 1454 est
1413 1412 1590 1465 signum
1626 1409 1842 1460 animalis,

290 1488 335 1523 et
367 1480 514 1523 fumus
550 1487 615 1522 est
646 1482 821 1536 signum
852 1482 976 1535 ignis,
1009 1489 1053 1524 et
1085 1483 1145 1524 sic
1177 1483 1234 1524 de
1264 1482 1372 1524 aliis.
1436 1482 1534 1522 Hec
1558 1481 1693 1522 modo
1715 1479 1841 1534 tetigi

291 1564 379 1592 non
401 1551 544 1592 solum
568 1557 748 1605 propter
761 1551 1034 1593 evidenciam
1050 1550 1366 1593 diffinicionum
1389 1558 1557 1602 nature,
1572 1557 1639 1592 set
1662 1557 1844 1604 propter

293 1635 444 1662 eorum
477 1634 685 1675 magnam
715 1621 954 1662 utilitatem
984 1621 1027 1662 in
1057 1621 1206 1663 multis
1233 1620 1675 1671 consideracionibus,
1697 1626 1740 1662 et
1762 1619 1842 1662 hec

292 1691 446 1732 divisio
478 1691 706 1745 signorum
740 1691 977 1733 conformis
1014 1698 1080 1733 est
1118 1691 1180 1732 eis
1216 1705 1300 1745 que
1338 1691 1458 1732 dicta
1494 1696 1596 1731 sunt
1632 1690 1750 1744 prius
1787 1690 1843 1731 de

291 1761 474 1802 vocibus
522 1761 799 1802 naturalibus
841 1768 884 1803 et
927 1761 1313 1815 interjeccionibus
1355 1766 1400 1802 et
1446 1760 1604 1802 ceteris
1645 1759 1843 1814 partibus

294 1830 521 1872 oracionis.
563 1830 831 1872 Aristoteles
854 1831 1012 1873 dividit
1029 1838 1232 1872 naturam
1256 1830 1299 1870 in
1324 1830 1553 1871 materiam
1577 1836 1619 1871 et
1643 1829 1839 1870 formam.
1885 1839 1900 1869 .·

296 1899 374 1942 Set
417 1899 569 1952 forma,
611 1915 699 1954 que
742 1907 808 1942 est
857 1901 1072 1949 terminus
1111 1900 1426 1954 generacionis‚
1469 1907 1535 1941 est
1580 1899 1843 1954 principium

295 1971 455 2024 quietis
478 1971 521 2011 in
542 1971 844 2025 generacione,
867 1977 910 2012 et
933 1970 1197 2026 principium
1221 1977 1423 2011 motuum
1447 1968 1583 2024 ipsius
1605 1969 1665 2011 rei
1687 1982 1843 2024 gener-

293 2046 378 2088 ate,
409 2040 512 2094 quia
544 2040 684 2081 forme
716 2041 904 2082 debetur
934 2041 1067 2090 accio,
1099 2038 1281 2082 materie
1313 2039 1475 2094 passio,
1507 2045 1556 2081 ut
1576 2038 1845 2081 Aristoteles

294 2110 414 2162 dicit,
462 2111 659 2152 secundo
701 2110 995 2159 Pllz'sz'corum‚
1047 2110 1344 2164 compositum
1393 2116 1544 2151 tamen
1594 2115 1660 2151 est
1707 2121 1844 2162 agens

294 2179 545 2233 principale,
568 2186 636 2221 set
659 2194 737 2235 per
755 2179 944 2221 formam
967 2181 1079 2221 sicut
1096 2193 1173 2234 per
1189 2179 1531 2220 instrumentum
1551 2179 1843 2220 intrinsecum.

296 2249 461 2290 Forma
482 2250 613 2304 igitur
639 2256 704 2291 est
733 2250 997 2304 principium
1027 2256 1186 2299 motuS‚
1208 2250 1448 2291 secundum
1479 2248 1662 2302 modum
1685 2247 1845 2296 Boecii,

296 2318 407 2360 sicut
430 2320 625 2361 essencia
648 2319 721 2372 rei,
742 2320 847 2374 quia
876 2319 1071 2361 essencia
1093 2319 1186 2372 agit
1215 2332 1293 2373 per
1318 2318 1517 2370 formam,
1537 2325 1581 2359 et
1603 2317 1843 2360 secundum

297 2389 478 2430 modum
515 2388 775 2431 Aristotelis
811 2395 877 2431 est
919 2388 1183 2444 principium
1219 2388 1478 2430 naturaliter
1513 2401 1660 2443 agens,
1697 2394 1763 2429 set
1801 2387 1843 2427 in

342 2552 359 2580 7
385 2542 545 2583 matrem]
564 2543 598 2574 in
615 2543 764 2584 aliquem
783 2543 818 2574 D
1004 2554 1044 2575 10
1068 2541 1204 2584 modus]
1223 2547 1335 2574 motus
1352 2543 1388 2573 D
1578 2552 1616 2573 12
1640 2547 1692 2574 est
1707 2541 1841 2582 signum

296 2603 362 2625 om.
379 2594 415 2624 D
514 2601 568 2628 est
584 2596 718 2636 signum
736 2596 784 2628 rei
801 2607 868 2629 om.
885 2595 951 2626 FD
1104 2606 1142 2636 15
1168 2596 1224 2628 alt.
1242 2595 1339 2636 sunt]
1358 2600 1439 2627 sunt
1455 2595 1504 2627 sic
1521 2595 1587 2626 FD
1735 2605 1774 2635 19
1798 2595 1843 2626 si-

296 2655 400 2684 gnum
424 2647 579 2679 naturale
603 2658 669 2680 om.
696 2648 730 2679 F
866 2658 909 2679 20
933 2648 1034 2679 modo
1060 2658 1125 2680 om.
1151 2647 1186 2678 F
1308 2658 1347 2679 21
1377 2646 1608 2688 evidenciam]
1633 2647 1843 2678 evidenciam

297 2698 457 2736 majorem
475 2699 509 2729 F
691 2711 732 2741 23
757 2699 878 2731 divisio
895 2711 963 2731 om.
980 2701 1014 2731 F
1194 2709 1236 2740 25
1261 2699 1485 2742 Aristoteles]
1503 2705 1538 2732 et
1552 2698 1762 2732 Aristoteles
1779 2699 1844 2730 FD

296 2749 330 2780 in
349 2752 523 2782 materiam
540 2762 604 2784 om.
621 2752 657 2783 D
788 2763 828 2793 31
856 2753 994 2784 modum
1011 2763 1079 2785 om.
1095 2752 1130 2784 D

1861 788 1899 810 10

1862 1489 1902 1511 20

1865 2187 1905 2217 30
