1934 3152
80 1210 116 1240 F.
134 1218 170 1251 91
193 1209 214 1240 b
236 1218 262 1240 1.

142 1847 267 1879 22b1.

1028 106 1083 157 84

276 224 431 274 activa,
453 230 498 266 et
519 224 597 274 vis,
619 229 664 265 et
684 222 835 272 virtus,
857 228 901 263 et
923 220 1193 276 hujusmodi,
1217 234 1306 263 non
1327 221 1534 264 dicuntur
1553 213 1761 267 ‘effective
1783 227 1830 264 et

277 300 325 335 ut
360 299 658 335 transmutent
696 291 940 342 materiam,
986 297 1055 333 set
1091 298 1274 347 propter
1306 291 1574 334 desiderium
1614 297 1659 332 et
1689 305 1829 346 appe-

277 363 409 405 titum
445 364 628 405 materie
660 368 704 404 et
735 368 944 404 conatum
977 361 1071 415 ejus
1100 361 1407 404 vehementem
1430 362 1474 403 in
1510 356 1830 416 suam‘perfec-

278 434 479 484 cionem3
524 440 568 476 et
605 447 693 475 non
728 439 794 474 est
832 431 891 473 ibi
924 431 1106 486 aliquod
1145 446 1280 486 agens
1311 432 1392 474 nisi
1429 432 1542 474 sicut
1577 432 1831 474 desiderans

279 512 322 546 et
343 517 499 546 amans
520 517 649 544 suum
672 502 1066 557 complementum,
1087 508 1132 544 et
1153 516 1233 557 pro
1255 509 1386 544 tanto
1410 503 1594 544 materia
1616 499 1832 544 naturalis
1852 518 1871 551 5

279 574 439 616 dicitur
464 580 622 615 natura
642 580 687 615 et
710 572 975 628 principium
1003 578 1176 614 motus:
1208 572 1291 614 iste
1319 573 1435 614 enim
1471 579 1617 615 motus
1647 585 1735 613 non
1765 578 1832 614 est

280 644 362 686 nisi
396 644 521 686 fortis
554 643 779 698 appetitus
814 643 997 684 materie
1033 648 1079 684 et
1110 650 1293 684 conatus
1325 649 1375 685 ut
1408 647 1724 698 promoveatur
1754 656 1833 697 per

280 728 412 768 agens
455 715 755 756 extrinsecum
798 718 843 754 et
884 726 970 754 non
1010 726 1090 768 per
1130 713 1320 767 seipsam
1356 713 1398 754 in
1435 713 1674 755 terminum
1712 726 1833 754 com-

281 784 508 839 pletivum.
574 785 635 827 Et
667 784 768 826 ideo
801 783 962 826 accidit
994 797 1114 824 error
1146 797 1333 838 magnus
1365 784 1471 826 dum
1504 784 1631 838 ponit
1661 781 1834 839 vulgus,

279 859 373 895 tam
409 851 718 905 theologorum
756 864 890 905 quam
927 850 1361 905 philosophancium,
1397 851 1442 892 in
1488 851 1682 892 materia·
1714 850 1833 904 prin·
1856 866 1896 890 10

279 922 443 977 cipium
486 922 679 964 activum
722 922 836 962 intra
873 934 951 975 per
991 921 1109 962 viam
1151 919 1380 974 efficiendi,
1410 935 1511 963 cum
1551 921 1672 963 dicat
1713 919 1834 974 quod

280 992 487 1046 potencia
507 992 652 1034 activa
675 992 860 1033 materie
888 991 1084 1034 excitata
1108 1005 1184 1045 per
1211 991 1420 1033 virtutem
1457 991 1632 1046 agentis
1663 989 1830 1033 extrin-

280 1063 366 1104 seci
397 1062 601 1117 producit
625 1076 672 1103 se
703 1062 747 1102 in
780 1068 928 1103 actum
951 1068 996 1103 et
1027 1060 1078 1103 fit
1110 1061 1262 1103 forma.
1316 1061 1417 1104 Hoc
1447 1062 1565 1103 enim
1587 1067 1653 1103 est
1675 1061 1834 1115 impos-

281 1133 407 1175 sibile
449 1141 630 1188 propter
666 1132 864 1174 raciones
904 1138 1060 1181 tactas,
1098 1139 1142 1174 et
1183 1132 1463 1186 decipiuntur
1503 1138 1685 1187 propter
1725 1130 1834 1172 illud

280 1203 465 1245 verbum
501 1203 759 1245 Aristotelis
806 1207 850 1242 20
890 1201 1182 1253 Plzzkz‘corum,
1216 1202 1418 1244 ‘Natura
1455 1209 1522 1244 est
1556 1199 1834 1257 prinlcipium
1858 1215 1897 1248 15

283 1280 431 1315 motus
468 1271 609 1322 intra‚’
640 1280 684 1315 et
718 1273 821 1315 dicit
858 1273 978 1328 quod
1019 1273 1203 1315 materia
1237 1279 1304 1315 est
1340 1280 1499 1316 natura
1534 1273 1647 1315 sicut
1679 1272 1833 1325 forma,

283 1349 464 1398 propter
492 1344 614 1397 quod
645 1344 828 1385 credunt
860 1345 981 1397 quod
1013 1344 1057 1384 in
1085 1344 1270 1385 materia
1302 1344 1358 1385 sit
1390 1343 1657 1398 principium
1685 1348 1833 1384 motus

284 1414 398 1455 intra
443 1412 637 1455 efficiens
689 1419 734 1454 et
775 1420 1076 1455 transmutans
1122 1421 1166 1455 et
1211 1421 1377 1456 vocant
1425 1414 1537 1455 illud
1579 1413 1833 1468 potenciam

284 1484 487 1535 activam,
505 1484 561 1526 de
582 1497 670 1538 qua
692 1484 862 1525 dictum
885 1491 962 1526 est.
1011 1483 1090 1526 Set
1113 1483 1229 1525 male
1251 1483 1504 1538 intelligunt
1525 1482 1834 1526 Aristotelem.

345 1553 613 1607 Principium
645 1554 761 1594 enim
795 1561 940 1595 motus
969 1554 1084 1595 intra
1105 1554 1174 1595 hic
1208 1567 1296 1596 non
1327 1560 1476 1596 movet
1507 1567 1587 1608 per
1615 1560 1838 1595 transmu-
1859 1565 1899 1588 ²0

284 1624 507 1666 tacionem
530 1630 574 1664 et
596 1623 819 1665 accionem
842 1624 1069 1676 efficiendi,
1092 1631 1158 1665 set
1181 1637 1259 1678 per
1282 1624 1466 1665 modum
1488 1624 1771 1666 desiderandi
1794 1629 1838 1665 et

285 1694 466 1736 amandi
507 1692 840 1748 perfeccionem‚
872 1694 977 1748 quia
1010 1708 1088 1749 per
1124 1694 1379 1748 potenciam
1411 1695 1601 1737 activam
1634 1707 1711 1735 seu
1751 1693 1838 1748 pri-

285 1764 516 1805 vacionem
546 1765 730 1806 materia
759 1765 929 1820 appetit
952 1764 1140 1806 formam
1168 1771 1212 1806 et
1241 1771 1361 1806 amat
1382 1766 1493 1807 sicut
1517 1765 1674 1807 mulier
1694 1766 1836 1806 virum

287 1839 332 1874 et
365 1838 493 1886 turpe
534 1833 714 1881 bonum,
751 1838 799 1873 ut
834 1832 905 1873 ille
941 1831 1206 1874 Aristoteles
1247 1845 1372 1873 suam
1403 1831 1407 1886 Ι
1435 1832 1649 1887 exprimit
1687 1832 1830 1875 inten-

286 1902 474 1943 cionem.
1858 1913 1898 1946 25

349 1972 449 2013 Hiis
471 1972 584 2023 visis,
608 1971 734 2013 facile
756 1978 823 2013 est
845 1966 1068 2026 assignare
1096 1972 1295 2014 raciones
1323 1972 1557 2015 seminales
1584 1973 1628 2014 in
1652 1973 1837 2016 materia

289 2043 343 2084 de
366 2043 524 2096 quibus
548 2042 791 2095 loquuntur
811 2042 1024 2097 theologi,
1045 2043 1148 2097 quia
1170 2043 1287 2084 racio
1314 2042 1538 2085 seminalis
1564 2049 1608 2085 et
1629 2043 1836 2097 potencia

289 2113 407 2154 idem
448 2119 515 2154 est
556 2112 744 2167 penitus,
786 2112 902 2154 unde
944 2113 1062 2154 racio
1113 2112 1333 2153 seminalis
1379 2120 1447 2155 est
1522 2127 1601 2168 psa
1642 2113 1838 2155 essencia

289 2180 472 2221 materie
503 2179 775 2234 incompleta
805 2193 892 2234 que
921 2186 1069 2234 potest
1097 2180 1345 2235 promoveri
1373 2180 1417 2221 in
1448 2180 1837 2236 complementum,

289 2251 401 2291 sicut
443 2264 594 2291 semen
628 2250 671 2291 in
709 2249 925 2292 arborem.
979 2248 1056 2291 Set
1087 2256 1134 2291 ut
1169 2250 1211 2290 in
1246 2263 1292 2291 se
1329 2251 1642 2303 consideratur,
1679 2257 1745 2292 est
1779 2251 1836 2293 ad
1857 2262 1900 2294 30

290 2321 473 2361 modum
503 2321 696 2374 seminis,
720 2327 768 2362 ut
795 2334 899 2362 vero
929 2321 1235 2375 promovenda
1267 2326 1308 2361 et
1340 2327 1556 2375 appetens
1588 2321 1836 2375 promoveri

336 2441 374 2470 15
398 2433 436 2461 2⁰
453 2428 709 2470 Phisicorum]
728 2429 747 2460 l.
764 2429 799 2470 ii,
819 2439 847 2462 e.
870 2439 896 2461 1.
1054 2439 1095 2468 24
1118 2428 1360 2470 Aristoteles]
1378 2429 1479 2469 Phys.
1500 2429 1519 2460 1.
1538 2429 1558 2468 i,
1577 2440 1603 2461 c.
1623 2429 1677 2461 81.

338 2536 399 2557 1-2
423 2532 456 2557 et
473 2526 525 2568 ut]
543 2527 596 2557 vel
612 2527 664 2558 F:
689 2531 724 2558 ut
741 2526 776 2556 D
865 2535 885 2565 3
909 2524 1064 2566 materie]
1085 2528 1204 2555 nature
1222 2524 1256 2554 D
1354 2535 1373 2562 4
1399 2524 1442 2555 ibi
1460 2535 1526 2556 om.
1545 2523 1580 2554 D
1679 2523 1836 2565 aliquod]

293 2579 419 2618 aliquid
435 2579 500 2610 FD
601 2581 621 2610 8
645 2585 679 2611 et
695 2590 760 2611 om.
778 2578 843 2609 FD
940 2577 1108 2619 seipsam]
1127 2577 1277 2618 seipsum
1294 2576 1358 2607 FD
1463 2587 1502 2608 10
1527 2581 1594 2608 tam
1613 2601 1620 2608 .
1641 2601 1647 2607 .
1666 2596 1673 2602 ·
1691 2576 1838 2617 philoso-

294 2632 476 2672 phancium
494 2643 559 2664 om.
580 2632 642 2662 FD
765 2642 802 2672 17
828 2630 887 2673 sit]
906 2636 957 2662 est
973 2630 1038 2660 FD
1145 2630 1183 2660 18
1207 2629 1345 2671 vocant]
1363 2630 1496 2661 vocavit
1512 2629 1543 2659 F
1625 2628 1836 2670 potenciam]
1869 2665 1871 2667 ³

294 2684 433 2715 formam
451 2685 486 2714 D
611 2695 649 2716 21
679 2685 833 2725 modum]
851 2688 979 2715 motum
997 2683 1060 2714 FD
1160 2692 1201 2721 23
1224 2682 1331 2723 amat]
1348 2683 1479 2722 appetit
1498 2682 1532 2712 D
1647 2691 1688 2721 24
1713 2686 1747 2712 ut
1763 2681 1836 2723 ille]

293 2742 327 2768 et
344 2738 486 2777 ipsemet
503 2737 568 2768 FD
708 2741 785 2778 post
800 2737 1027 2768 intencionem
1044 2737 1123 2767 haec
1136 2735 1231 2767 verba
1246 2735 1323 2766 add.
1343 2735 1407 2765 FD
1423 2740 1457 2766 et
1474 2735 1536 2766 hec
1554 2745 1629 2765 cum
1648 2735 1706 2765 fiet
1722 2744 1837 2765 sermo

294 2791 337 2820 de
355 2794 473 2821 natura
491 2791 623 2821 cercius
641 2790 853 2831 apparebunt
1028 2790 1070 2819 26
1095 2787 1189 2829 Hiis]
1206 2788 1292 2819 Aliis
1311 2787 1344 2818 D
1517 2798 1561 2828 3ο
1584 2786 1836 2828 consideratur]

294 2842 524 2874 consideritur
539 2842 574 2872 D
730 2852 769 2882 31
796 2841 897 2883 vero]
915 2851 997 2873 vero
1016 2848 1067 2873 est
1086 2841 1117 2871 F
