1934 3152
802 149 883 195 115

70 256 255 312 piendos
285 263 329 298 et
362 256 646 312 repellendos
669 257 771 311 quia
797 258 930 300 molle
950 259 1066 301 cedit
1088 259 1360 315 impressioni
1383 267 1426 302 et
1452 261 1609 303 durum

70 327 254 382 repellit,
275 327 571 381 ponderosum
594 333 637 368 et
660 327 965 381 corpulentum
993 329 1153 371 resistit
1179 329 1422 384 proicienti‚
1445 338 1488 373 et
1511 332 1609 372 ideo

70 410 170 438 cum
192 396 380 437 vincitur
401 402 505 437 tunc
527 395 687 438 sorcius
709 396 867 439 dividit
890 412 991 439 aera
1012 404 1057 440 et
1078 405 1284 453 operatur
1308 400 1368 441 sic
1395 414 1471 455 per
1498 401 1610 442 acci-

71 466 180 506 dens
202 465 259 506 ad
287 472 456 507 motum
484 464 781 520 projeccionis.
848 467 907 508 Et
939 481 1024 509 non
1057 475 1124 510 est
1156 469 1465 510 inconveniens
1493 470 1613 524 quod

35 551 53 583 5
73 535 114 576 in
144 535 272 576 rebus
302 534 575 576 naturalibus
606 535 694 576 sint
725 536 1038 589 disposiciones
1071 539 1262 591 quedam
1294 552 1380 592 que
1412 539 1611 580 acciden—

73 604 222 659 taliter
237 604 398 646 faciant
420 605 476 645 ad
501 610 647 646 motus
664 604 936 647 voluntarios
960 613 1002 648 et
1019 607 1244 658 violentos,
1262 615 1327 649 set
1350 608 1613 663 principium

72 674 265 717 activum
293 687 382 715 non
410 680 477 715 est
508 674 552 715 in
585 674 657 725 eis,
681 687 761 715 nec
787 675 843 716 ab
875 682 974 717 actu
1006 677 1244 731 appetendi
1277 691 1357 719 nec
1388 676 1615 728 efficiendi,

75 749 119 786 et
141 744 225 785 hoc
250 744 512 799 principium
547 743 716 798 duplex
747 750 921 785 tantum
945 752 1012 787 est
1035 746 1233 786 naturale
1256 752 1300 787 et
1322 751 1488 788 natura.
1553 746 1614 787 Et

73 813 186 855 sicut
207 813 249 854 in
273 820 396 855 motu
428 813 729 867 generacionis
757 820 802 855 et
831 814 1125 869 corrupcionis
1154 821 1219 856 est
1251 815 1434 857 materia
1455 815 1614 870 princi-

15 899 56 923 ιο
73 883 212 939 pium,
229 889 273 925 et
296 890 462 932 natura,
481 882 540 924 sic
561 883 604 923 in
627 889 750 924 motu
768 883 1042 924 alteracionis
1063 884 1309 938 subjectum
1326 885 1614 926 constitutum

74 953 117 994 in
149 967 244 994 esse
273 952 478 1007 specifico
501 958 567 994 est
589 959 757 1003 natura,
780 959 824 994 et
846 953 1106 1008 principium
1130 959 1278 995 motus
1309 954 1615 1009 appetitivum,

75 1023 180 1077 quia
208 1023 380 1078 appetit
410 1023 573 1064 formas
604 1022 856 1072 contrarias,
879 1037 931 1064 eo
957 1024 1077 1077 quod
1104 1037 1192 1064 una
1213 1037 1362 1065 earum
1395 1038 1484 1065 non
1514 1037 1614 1078 per-

74 1092 165 1134 ficit
191 1092 284 1146 ejus
312 1093 572 1148 appetitum.
629 1093 690 1134 Et
722 1100 839 1134 certe
871 1093 913 1133 in
945 1093 1230 1146 generacione
1262 1100 1306 1134 et
1333 1094 1616 1148 corrupcione

75 1169 120 1204 et
161 1161 426 1204 alteracione
461 1169 527 1204 est
564 1162 683 1204 aliud
725 1162 992 1217 principium
1033 1176 1168 1216 quam
1206 1164 1405 1213 materia,
1441 1163 1617 1216 scilicet,

17 1248 55 1280 15
77 1232 267 1274 efficiens
290 1233 432 1287 ipsum
461 1239 591 1274 extra
622 1233 854 1274 materiam
886 1232 1006 1286 quod
1033 1232 1125 1286 agit
1151 1232 1407 1274 naturaliter
1432 1233 1474 1274 in
1506 1247 1616 1281 eam,

76 1311 120 1345 et
142 1302 265 1356 cujus
287 1303 509 1344 accionem
531 1303 766 1353 desiderat,
794 1309 838 1344 et
866 1303 950 1344 hoc
972 1303 1232 1358 principium
1260 1310 1405 1344 motus
1431 1316 1518 1344 non
1551 1314 1617 1344 est

77 1372 120 1414 in
143 1378 267 1414 moto
292 1378 359 1414 set
384 1372 428 1413 in
458 1379 678 1423 movente,
700 1378 745 1413 et
774 1387 853 1428 per
881 1387 926 1414 se
959 1379 1003 1414 et
1037 1386 1125 1413 non
1157 1387 1236 1428 per
1261 1372 1479 1423 accidens,
1500 1372 1619 1412 unde

76 1449 236 1484 natura
253 1456 342 1483 non
359 1448 427 1483 est
448 1441 716 1497 principium
739 1443 782 1483 in
806 1449 930 1484 moto
952 1449 1018 1484 set
1041 1443 1083 1483 in
1109 1449 1341 1493 movente;
1373 1443 1484 1496 ignis
1500 1442 1618 1483 enim

77 1512 337 1554 naturaliter
351 1512 443 1566 agit
459 1513 502 1553 in
518 1512 752 1554 materiam
768 1526 1080 1567 quamcunque
1095 1519 1138 1554 et
1153 1526 1241 1554 non
1255 1527 1332 1568 per
1345 1512 1619 1554 violenciam.

17 1597 58 1620 20
79 1582 162 1624 Est
189 1583 305 1624 enim
334 1582 457 1624 accio
483 1582 698 1624 naturalis
727 1597 753 1623 a
784 1589 913 1637 parte
942 1583 1069 1637 ignis,
1090 1582 1202 1624 sicut
1231 1582 1379 1637 passio
1409 1581 1619 1622 naturalis

76 1667 103 1694 a
138 1660 264 1708 parte
300 1653 497 1703 materie,
533 1659 580 1694 et
614 1653 717 1694 ideo
750 1652 792 1693 in
825 1653 927 1706 igne
958 1658 1025 1693 est
1058 1659 1216 1694 natura
1247 1665 1324 1706 per
1357 1664 1491 1706 quam
1525 1651 1619 1704 agit

79 1723 352 1773 naturaliter,
375 1728 419 1764 et
439 1721 520 1764 hec
542 1728 610 1763 est
630 1737 710 1764 sua
731 1722 927 1764 essencia
946 1722 988 1762 in
1013 1722 1134 1762 omni
1152 1735 1197 1762 re
1218 1720 1433 1770 similiter,
1454 1720 1511 1761 de
1532 1733 1618 1773 qua

78 1800 236 1834 natura
272 1793 444 1834 dicetur
471 1793 476 1847 Ι
503 1799 569 1834 set
606 1793 649 1833 in
687 1799 811 1834 motu
850 1792 1105 1832 nutrimenti
1139 1797 1183 1832 et
1213 1790 1437 1843 augmenti
1475 1797 1620 1842 preter
1640 1803 1678 1835 32
1697 1806 1714 1826 a
1735 1805 1762 1827 2.

78 1862 342 1917 principium
365 1862 602 1916 passivum,
624 1861 804 1913 scilicet,
826 1860 1131 1914 appetitivum,
1148 1867 1197 1901 ut
1219 1861 1387 1901 dictum
1411 1865 1477 1900 est
1498 1858 1618 1912 quod

19 1946 58 1977 25
79 1944 105 1971 a
146 1935 270 1983 parte
312 1930 494 1970 materie
535 1935 603 1970 est
651 1928 915 1982 principium
957 1926 1198 1981 principale
1240 1932 1399 1978 motus,
1439 1925 1619 1974 scilicet,

80 1999 340 2048 effectivum,
362 1999 484 2052 quod
504 2004 571 2039 est
600 1998 760 2045 anima,
783 1997 929 2038 anima
951 1996 1067 2037 enim
1098 1995 1201 2038 facit
1230 1995 1274 2036 in
1295 1994 1617 2049 vegetabilibus

80 2065 410 2123 nutrilmentum
435 2074 478 2108 et
500 2073 773 2115 aumentum‚
796 2073 839 2107 et
861 2066 1009 2106 anima
1037 2064 1237 2106 similiter
1259 2070 1326 2105 est
1358 2063 1618 2118 principium
1641 2074 1678 2105 F.
1697 2083 1737 2115 93
1756 2083 1774 2104 a
1794 2082 1821 2104 2.

79 2137 360 2187 decrementi,
393 2143 460 2178 set
491 2151 570 2190 per
604 2136 670 2178 sui
708 2135 1076 2185 debilitacionem,
1107 2135 1297 2189 quando,
1326 2133 1504 2181 scilicet,
1534 2146 1622 2174 non

80 2213 229 2261 potest
264 2206 441 2247 mittere
471 2205 790 2246 nutrimentum
821 2204 1038 2245 sufficiens
1070 2203 1250 2257 corpori,
1282 2209 1325 2244 et
1357 2202 1623 2256 quandoque

20 2293 60 2324 30
81 2277 218 2317 virtus
249 2274 432 2326 alicujus
464 2275 672 2316 elementi
704 2273 974 2316 dominantis
1005 2273 1123 2326 quod
1156 2272 1255 2327 plus
1288 2271 1530 2325 corrumpit
1567 2272 1623 2312 de

81 2345 332 2387 substancia
353 2343 612 2397 vegetabilis
643 2356 775 2396 quam
800 2343 945 2383 anima
967 2349 1115 2395 potest
1143 2349 1382 2383 restaurare
1403 2347 1469 2382 est
1492 2354 1621 2382 causa

80 2429 159 2470 per
180 2429 227 2456 se
252 2414 381 2468 hujus
408 2412 688 2454 decrementi.
750 2411 961 2454 Similiter
989 2412 1031 2452 in
1061 2418 1186 2453 motu
1215 2411 1345 2453 locali
1372 2417 1439 2452 est
1468 2416 1622 2452 natura

130 2549 145 2569 1
180 2543 216 2570 et
242 2536 476 2578 repellendos]
505 2540 563 2567 aut
591 2535 809 2576 repellendos
836 2534 901 2565 FD
1115 2545 1135 2565 2
1160 2532 1310 2575 repellit]
1337 2533 1472 2574 repellit
1500 2536 1533 2564 et
1557 2532 1623 2563 FD

83 2600 104 2630 5
128 2590 215 2632 sint]
232 2594 313 2622 sunt
328 2589 363 2621 D
496 2590 518 2619 6
541 2593 575 2619 et
592 2599 660 2619 om.
678 2587 712 2617 F
850 2597 887 2626 14
911 2586 1058 2628 scilicet]
1072 2586 1100 2617 si
1117 2586 1152 2616 D
1294 2595 1342 2625 15,
1366 2596 1406 2626 19
1429 2584 1622 2626 materiam]

83 2648 239 2674 naturam
256 2642 292 2673 D
384 2643 423 2672 16
447 2646 480 2672 et
497 2640 578 2681 hoc]
596 2645 648 2671 set
665 2640 729 2670 hoc
746 2639 811 2669 FD
911 2648 949 2677 17
975 2649 1038 2679 per
1052 2638 1106 2680 se]
1126 2638 1190 2669 hoc
1209 2648 1272 2679 per
1287 2647 1325 2669 se
1341 2637 1375 2668 F
1471 2638 1510 2668 18
1535 2636 1623 2677 non]

83 2705 152 2726 non
169 2694 278 2726 solum
296 2693 363 2724 FD
561 2703 602 2723 22
626 2691 679 2733 in]
696 2696 731 2722 et
747 2692 781 2722 in
799 2690 863 2721 FD
1061 2700 1104 2729 23
1129 2689 1265 2731 natura]
1284 2694 1404 2721 natura
1421 2694 1542 2729 postea
1557 2688 1624 2719 FD

84 2756 127 2786 25
150 2757 171 2778 a
201 2746 314 2788 parte]
333 2750 386 2777 est
410 2757 429 2777 a
453 2750 550 2786 parte
574 2744 608 2774 F
736 2754 777 2783 27
802 2747 836 2774 et
859 2747 1056 2773 aumentum
1074 2747 1153 2783 post
1174 2741 1369 2773 effectivum
1393 2742 1466 2782 (26)
1482 2745 1562 2782 pon.
1589 2740 1624 2771 D

85 2800 128 2831 28
150 2799 281 2830 scilicet
297 2809 361 2830 om.
381 2798 417 2829 D
559 2807 602 2837 29
626 2795 777 2837 mittere]
795 2800 997 2827 convertere
1013 2793 1079 2826 FD
1167 2793 1390 2836 quandoque]
1407 2794 1543 2835 quando
1559 2792 1593 2824 F
1590 2792 1624 2824 D

84 2861 123 2891 3¹
149 2851 261 2882 anima
273 2861 338 2884 om.
356 2850 392 2882 D
524 2859 567 2890 32
591 2848 707 2891 locali]
723 2858 789 2880 om.
805 2847 842 2878 D

824 2911 887 2946 12
