1934 3152
820 103 871 159 35

76 223 141 258 est
173 215 290 257 racio
321 215 555 257 seminalis.
619 215 700 258 Illa
742 218 856 259 enim
891 217 1009 259 racio
1042 217 1268 258 seminalis
1307 231 1395 259 non
1432 226 1497 260 est
1538 219 1617 260 nisi

76 287 265 328 essencia
287 285 329 326 in
361 291 575 339 quantum
605 293 784 327 conatur
816 294 859 328 et
891 287 1076 341 appetit,
1108 293 1151 328 et
1183 287 1282 328 ideo
1314 287 1426 328 sicut
1455 294 1519 329 est
1547 288 1618 329 hic

74 355 237 411 triplex
264 355 481 410 potencia,
510 355 570 397 sic
603 355 766 410 triplex
796 356 912 398 racio
946 355 1182 407 seminalis,
1215 355 1394 407 scilicet,
1426 359 1618 398 essencia

76 425 321 480 composita
354 429 556 480 respectu
596 425 841 478 compositi,
871 431 915 467 et
948 425 1088 466 forma
1120 425 1214 479 ejus
1256 425 1523 480 incompleta
1556 441 1620 468 re-

39 515 57 548 5
76 501 228 550 spectu
243 494 383 536 forme
399 493 616 548 specifice,
626 500 669 536 et
685 496 867 537 materia
883 495 976 549 ejus
993 501 1190 550 respectu
1207 495 1388 536 materie
1405 495 1618 550 specifice.

77 563 137 604 Et
159 575 259 603 cum
289 561 459 616 duplex
489 568 554 603 est
579 560 696 603 linea
724 562 1041 615 generabilium
1067 569 1111 604 et
1138 561 1500 617 corruptibilium,
1533 576 1620 604 una

75 635 141 671 est
161 628 484 670 ‘universalium
523 628 609 669 alia
646 636 712 670 est
750 629 1050 683 singularium,
1084 629 1367 671 manifestum
1400 636 1467 671 est
1498 630 1617 682 quod

75 695 279 752 potencie
315 695 396 737 iste
433 696 577 738 active
614 702 658 737 et
696 696 891 737 raciones
925 695 1154 737 seminales
1192 709 1336 750 neque
1364 695 1619 750 simpliciter

75 771 178 807 sunt
195 764 459 806 universales
476 779 557 806 nec
576 765 833 820 singulares,
854 772 920 807 set
937 773 1136 820 respectu
1150 779 1293 807 rerum
1311 765 1616 807 universalium

17 850 57 873 10
76 842 178 877 sunt
210 835 491 886 universales,
514 842 717 890 respectu
750 849 893 877 rerum
925 835 1210 889 singularium
1239 841 1341 876 sunt
1367 835 1619 890 singulares,

78 906 297 962 Principia
326 906 443 946 enim
473 919 618 946 rerum
645 904 955 947 universalium
985 912 1086 947 sunt
1115 904 1378 946 universalia
1405 912 1449 946 et
1470 905 1618 960 singu-

77 976 233 1018 larium
256 975 508 1030 singularia.
573 975 634 1016 Et
656 974 717 1017 sic
738 981 860 1029 patet
883 975 987 1029 quid
1009 975 1250 1017 tenendum
1273 981 1339 1016 est
1361 974 1404 1015 in
1426 975 1618 1028 questio-

75 1047 204 1088 nibus
226 1045 451 1101 theologie
473 1047 529 1088 de
551 1045 726 1088 racione
746 1045 962 1095 seminali,
986 1059 1064 1087 nec
1093 1051 1159 1087 est
1185 1043 1328 1086 solum
1350 1044 1618 1096 universalis,

77 1121 126 1156 ut
154 1114 289 1169 aliqui
322 1113 541 1164 estimant,
574 1126 653 1154 nec
685 1112 828 1154 solum
859 1111 1103 1167 singularis,
1134 1117 1202 1153 set
1243 1118 1442 1165 respectu
1475 1125 1617 1153 rerum

18 1199 57 1232 15
76 1183 365 1238 singularium
381 1184 735 1239 generandarum
752 1189 820 1224 est
837 1182 1079 1236 singularis,
1095 1187 1294 1235 respectu
1310 1181 1617 1222 universalium

76 1260 143 1295 est
164 1253 432 1296 universalis.
497 1253 557 1295 Et
579 1253 691 1295 sicut
712 1253 881 1294 dictum
899 1259 965 1294 est
982 1253 1039 1293 de
1061 1251 1245 1293 materia
1261 1250 1440 1292 omnino
1462 1251 1620 1305 prima,

77 1323 136 1373 sic
174 1323 511 1378 intelligendum
549 1329 616 1365 est
651 1323 707 1364 de
744 1322 838 1364 aliis
874 1322 1153 1372 secundariis,
1186 1335 1323 1375 usque
1349 1321 1406 1362 ad
1438 1321 1619 1362 ultimos

76 1394 290 1435 terminos
323 1392 640 1448 generacionis,
671 1406 848 1447 semper
878 1392 995 1433 enim
1027 1391 1239 1433 subicitur
1270 1389 1449 1443 aliquod
1480 1404 1619 1444 genus

79 1469 278 1517 respectu
323 1463 513 1505 duarum
555 1462 800 1518 specierum
838 1469 883 1504 et
922 1461 1102 1515 aliquod
1139 1460 1416 1501 individuum
1449 1460 1620 1514 generis

18 1547 59 1570 20
78 1538 279 1587 respectu
321 1533 509 1574 duorum
557 1532 884 1574 individuorum
923 1531 1095 1572 illarum
1136 1531 1320 1571 duarum
1358 1529 1617 1583 specierum.

81 1602 181 1646 Hec
211 1602 329 1644 enim
367 1603 554 1644 materia
593 1602 776 1643 omnino
809 1601 952 1655 prima
986 1614 1075 1642 non
1109 1600 1324 1641 subicitur
1361 1599 1619 1640 immediate

83 1673 165 1715 nisi
202 1679 404 1728 respectu
432 1670 439 1728 Ι
467 1672 673 1714 elementi
709 1678 754 1714 et
785 1671 928 1713 mixti.
1006 1670 1181 1712 Deinde
1217 1674 1374 1710 natura
1411 1668 1618 1710 elementi

78 1743 123 1783 in
155 1742 386 1784 universali
422 1749 490 1784 est
528 1742 713 1783 materia
748 1748 949 1794 respectu
981 1740 1125 1794 gravis
1159 1745 1204 1780 et
1235 1738 1354 1789 levis,
1389 1744 1433 1780 et
1465 1745 1619 1779 natura

74 1812 221 1867 gravis
262 1818 329 1853 est
370 1812 412 1852 in
455 1811 661 1866 potencia
701 1816 901 1865 respectu
941 1809 1084 1864 gravis
1125 1808 1167 1849 in
1210 1821 1338 1861 spera
1378 1820 1457 1848 sua
1497 1808 1616 1860 quod

15 1894 55 1926 25
75 1889 141 1924 est
182 1895 270 1933 aer,
305 1888 350 1923 et
392 1888 595 1936 respectu
632 1881 777 1936 gravis
813 1879 1028 1926 absolute,
1064 1884 1108 1920 et
1144 1891 1279 1931 grave
1314 1876 1515 1918 absolute
1551 1890 1615 1917 re-

74 1959 228 2006 spectu
260 1957 375 1993 terre
407 1957 452 1993 et
490 1964 616 2005 aque,
648 1951 708 1992 ita
744 1950 865 2004 quod
905 1949 1086 1990 materia
1117 1948 1257 2002 prima
1289 1946 1500 1987 naturalis
1531 1959 1616 1999 que

76 2028 143 2064 est
178 2020 432 2063 substancia
470 2033 678 2075 corporea
714 2033 801 2061 non
837 2018 1008 2061 celestis
1040 2025 1106 2059 est
1142 2016 1269 2058 radix
1299 2016 1439 2070 prime
1474 2022 1615 2056 trans-

75 2090 352 2140 mutacionis,
388 2097 432 2132 et
474 2090 668 2131 secunda
708 2090 914 2140 secunde,
955 2095 998 2129 et
1039 2087 1100 2128 sic
1142 2085 1336 2128 ulterius.
1405 2084 1616 2126 Similiter

76 2167 234 2202 natura
263 2160 393 2200 mixti
423 2159 612 2201 decurrit
640 2158 683 2199 in
712 2159 957 2199 animatum
983 2162 1027 2197 et
1058 2155 1102 2196 in
1127 2155 1445 2204 inanimatum3
1479 2159 1523 2195 et
1552 2154 1615 2194 in—

13 2239 57 2272 30
76 2229 322 2274 animatum
339 2234 406 2271 est
429 2229 610 2270 materia
627 2233 825 2283 respectu
843 2227 1082 2282 specierum
1105 2223 1378 2266 mineralium
1402 2230 1446 2264 et
1467 2222 1614 2276 hujus-

121 2359 135 2379 1
162 2353 214 2380 est
231 2372 238 2380 .
259 2373 266 2380 .
287 2373 294 2380 .
316 2348 406 2379 enim
423 2358 490 2380 om.
511 2347 556 2379 D.
697 2357 716 2378 2
739 2346 855 2388 quam]
874 2349 1036 2385 quantum
1052 2343 1088 2374 D
1177 2343 1255 2374 ideo
1271 2353 1338 2375 om.
1355 2342 1390 2372 D
1521 2350 1542 2380 3
1566 2341 1616 2372 sic

74 2401 200 2441 triplex
216 2401 308 2432 racio
324 2410 390 2432 om.
410 2399 444 2430 D
592 2411 612 2438 4
636 2399 726 2441 ejus]
743 2403 796 2430 est
812 2398 847 2429 D
994 2398 1015 2427 6
1040 2395 1108 2437 θεῖ]
1126 2395 1170 2426 εἰῖ
1185 2394 1251 2425 FD
1353 2392 1615 2435 generabilium]

75 2453 285 2493 generalium
301 2452 367 2483 FD
524 2462 541 2491 7
566 2451 622 2483 alt.
640 2456 692 2483 est
709 2462 774 2483 om.
791 2450 856 2481 FD
1018 2449 1039 2479 8
1062 2446 1112 2488 et]
1129 2447 1200 2478 sive
1216 2446 1252 2477 D
1410 2457 1431 2487 9
1454 2445 1534 2487 nec]
1553 2455 1617 2477 nec

75 2504 277 2546 simpliciter
292 2504 328 2535 D
442 2514 482 2535 10
505 2504 563 2536 alt.
580 2509 660 2535 sunt
675 2514 741 2535 om.
762 2502 826 2533 FD
937 2512 975 2532 12
999 2499 1096 2542 quid]
1114 2499 1204 2539 quod
1221 2498 1256 2529 D
1368 2507 1474 2538 12-13
1498 2498 1532 2528 in
1550 2521 1558 2528 .
1578 2520 1586 2528 .
1606 2521 1614 2529 .

74 2554 247 2598 theologie
264 2568 330 2588 om.
343 2556 406 2587 FD
543 2566 581 2595 15
607 2555 779 2597 respectu]
797 2559 955 2594 respectu
972 2563 1085 2584 rerum
1096 2552 1132 2583 D
1269 2552 1308 2582 16
1329 2550 1485 2592 omnino]
1503 2555 1571 2581 tam
1582 2550 1617 2581 D

78 2619 116 2650 17
140 2609 232 2651 aliis]
250 2610 365 2641 multis
382 2609 417 2640 D
523 2607 678 2649 ultimos]
696 2607 821 2638 multos
836 2606 872 2637 D
1023 2615 1128 2645 19-20
1151 2610 1186 2635 et
1202 2627 1210 2636 .
1231 2627 1239 2636 .
1256 2627 1263 2634 .
1284 2603 1476 2643 specierum
1494 2613 1561 2633 om.
1581 2602 1616 2633 D

78 2673 119 2703 19
142 2667 176 2693 et
192 2662 346 2704 aliquod]
365 2662 430 2693 hoc
449 2665 503 2693 est
520 2661 554 2691 in
571 2661 713 2692 materia
725 2660 758 2690 F
930 2659 1038 2697 24-26
1062 2656 1176 2697 gravis
1191 2656 1226 2686 in
1242 2665 1343 2696 spera
1359 2678 1367 2686 .
1389 2678 1397 2686 .
1419 2680 1425 2687 .
1444 2655 1490 2686 ita
1506 2653 1613 2695 quod]

74 2725 161 2754 aque
193 2720 227 2746 et
257 2719 360 2755 terre,
389 2719 422 2746 et
445 2714 520 2745 leve
549 2718 602 2744 est
630 2713 774 2743 materia
799 2717 833 2743 θῖ
857 2712 889 2742 in
916 2710 1074 2751 potencia
1098 2712 1256 2749 respectu
1283 2708 1374 2738 aeris
1396 2711 1431 2739 et
1454 2707 1554 2747 ignis,
1579 2712 1615 2738 et

74 2772 196 2798 natura
217 2767 311 2798 mixti
334 2772 385 2798 est
406 2766 549 2798 materia
573 2766 606 2796 in
629 2765 786 2805 potencia
806 2767 965 2804 respectu
981 2761 1157 2793 inanimati
1174 2760 1270 2791 mixti
1287 2764 1321 2791 et
1337 2759 1491 2798 animati,
1508 2764 1543 2791 et
1566 2759 1615 2791 sic

77 2818 177 2868 ultra,
196 2819 285 2850 unde
302 2818 367 2850 FD

1638 1668 1763 1699 22b2.
