1934 3152
839 149 896 194 59

158 256 292 312 Quod
314 262 462 299 autern
490 256 739 299 differencie
768 256 999 312 compositi
1028 262 1129 299 sunt
1156 256 1358 299 addende
1385 259 1632 312 composito

101 341 232 382 super
247 340 387 381 genus
402 326 712 380 compositum,
728 333 850 380 patet
867 328 982 381 quia,
999 340 1098 368 cum
1114 326 1255 368 forma
1269 328 1409 380 prima
1425 328 1633 370 dividitur

100 398 143 437 in
173 396 400 450 spirituale
424 402 468 437 et
499 396 736 451 corporale,
759 397 837 438 iste
870 396 1118 439 differencie
1145 404 1246 438 sunt
1278 395 1482 438 formales
1511 412 1628 452 pure.

99 465 146 508 Si
169 479 273 519 ergo
296 465 547 506 differencie
576 467 807 519 compositi
830 467 953 507 divisi
985 480 1061 520 per
1089 465 1313 521 spirituale
1339 472 1383 507 et
1405 468 1630 520 corporale

61 555 78 585 5
99 549 186 577 non
216 542 318 577 sunt
346 536 605 589 composite,
634 543 738 578 tunc
767 536 990 591 spirituale
1020 543 1063 578 et
1084 536 1310 589 corporale
1335 536 1392 577 ibi
1415 537 1628 591 significa-

97 605 209 646 bunt
239 604 308 646 vel
346 603 551 646 formales
582 604 649 646 vel
682 605 929 647 materiales
965 604 1250 647 differencias.
1311 605 1391 647 Set
1423 613 1627 648 neutrum

96 663 244 727 potest
266 674 371 724 dari,
396 675 500 728 quia
527 675 823 729 compositum
853 681 896 716 et
924 675 1114 729 simplex
1141 688 1230 716 non
1253 681 1437 730 possunt
1465 675 1629 718 habere

97 744 272 785 easdem
303 743 575 786 differencias
604 745 816 794 divisivas,
839 759 943 798 ergo
975 751 1150 799 oportet
1177 744 1321 786 dicere
1352 744 1471 798 quod
1503 745 1626 787 diffe-

95 814 238 854 rencie
279 813 512 867 compositi
554 820 656 855 sunt
697 816 952 869 composite.
1034 814 1147 856 Item
1188 814 1222 855 si
1265 828 1352 855 non
1393 815 1629 857 adderetur

38 899 76 922 10
94 882 261 937 aliquid
293 883 350 924 ad
385 882 682 924 substanciam
721 885 1027 938 precedentem
1063 884 1140 925 nisi
1178 883 1317 925 forma
1349 884 1550 938 specifica
1583 892 1626 926 et

92 966 179 994 non
202 953 384 994 materia
404 952 620 1007 specifica,
641 959 743 994 tunc
772 953 900 994 nichil
930 967 1093 994 novum
1120 952 1370 1007 specificum
1400 952 1522 995 fieret
1545 955 1625 995 nisi

90 1021 242 1073 forma,
279 1036 383 1076 ergo
425 1036 586 1063 novum
627 1024 920 1077 compositum
962 1037 1048 1065 non
1091 1029 1323 1076 generatur
1362 1023 1439 1064 sed
1485 1023 1626 1064 forma

90 1097 278 1145 tantum,
307 1092 426 1145 quod
459 1106 539 1146 pro
569 1091 678 1133 salso
710 1092 844 1134 habet
870 1092 1133 1134 Aristoteles
1165 1093 1208 1132 in
1237 1096 1281 1146 7⁰
1301 1091 1625 1146 Metlcaplzz'sice,

90 1160 252 1202 faciens
283 1160 366 1202 hoc
397 1168 706 1215 argumentum
738 1161 856 1214 quod
885 1175 998 1203 nunc
1028 1160 1190 1202 factum
1224 1167 1300 1212 est,
1325 1160 1476 1202 volens
1504 1164 1623 1215 quod

34 1247 70 1279 ¹5
90 1231 386 1283 compositum
416 1243 579 1271 novum
609 1238 851 1284 generetur,
878 1237 920 1271 et
950 1244 1037 1270 non
1066 1230 1206 1271 forma
1235 1236 1424 1281 tantum,
1453 1238 1496 1272 et
1525 1233 1624 1273 ideo

92 1301 276 1341 materia
297 1300 499 1354 specifica
519 1301 629 1341 sicut
652 1299 790 1341 forma
808 1300 1099 1341 renovabitur.
1162 1299 1276 1340 Item
1299 1300 1342 1340 in
1364 1313 1451 1341 uno
1472 1314 1622 1342 secun-

74 1369 195 1409 ‘dum
211 1382 440 1410 numerum
455 1370 602 1410 omnia
616 1369 828 1424 principia
842 1384 921 1411 sua
934 1369 1099 1411 habent
1113 1370 1327 1411 unitatem
1342 1371 1623 1422 numeralem,

87 1452 193 1492 ergo
229 1440 272 1479 in
308 1452 395 1480 uno
430 1452 589 1494 genere
625 1438 852 1480 habebunt
890 1440 1104 1481 unitatem
1146 1440 1327 1493 generis,
1368 1446 1411 1481 et
1451 1441 1494 1480 in
1535 1454 1622 1482 uno

86 1509 325 1550 secundum
354 1509 544 1562 speciem
575 1507 801 1550 habebunt
829 1509 1042 1550 unitatem
1074 1509 1248 1563 speciei,
1278 1515 1323 1550 et
1351 1509 1412 1550 ita
1441 1512 1622 1551 materia

28 1594 68 1616 20
85 1577 286 1631 specifica
317 1578 373 1619 ad
406 1579 636 1620 materiam
671 1578 853 1631 generis.
918 1577 1034 1620 Item
1070 1577 1340 1632 completum
1378 1585 1421 1620 et
1457 1580 1621 1621 incom-

85 1646 255 1700 pletum
287 1648 330 1688 in
360 1649 648 1702 generacione
678 1655 780 1689 sunt
812 1648 929 1689 idem
961 1662 1039 1702 per
1071 1649 1319 1700 essenciam,
1352 1654 1400 1689 ut
1433 1648 1621 1691 habetur

85 1718 128 1757 in
155 1723 315 1759 octavo
347 1724 391 1760 et
423 1731 540 1759 nono
564 1717 892 1771 Methaplzisz‘ce,
923 1725 990 1759 set
1023 1719 1206 1760 materia
1236 1723 1281 1759 et
1311 1718 1450 1759 forma
1477 1720 1618 1773 speci-

84 1785 167 1828 fica
193 1785 199 1842 Ι
227 1787 432 1829 differunt
480 1802 557 1842 per
592 1789 843 1840 esseneiam,
875 1801 980 1843 ergo
1012 1788 1194 1829 materia
1225 1788 1394 1842 generis
1429 1801 1516 1828 non
1552 1794 1618 1830 est
1639 1800 1675 1833 15
1694 1792 1716 1822 b
1735 1801 1762 1822 2·

84 1857 127 1896 in
149 1857 353 1911 potencia
374 1858 431 1899 ad
456 1857 642 1899 formam
664 1857 915 1912 specificam
938 1863 1003 1898 set
1025 1858 1082 1898 ad
1105 1858 1331 1898 materiam
1355 1856 1617 1911 specificam.

27 1944 64 1976 25
87 1926 201 1968 Item
221 1925 361 1968 forma
386 1929 554 1981 generis
576 1934 640 1970 est
664 1929 705 1968 in
722 1928 925 1982 potencia
946 1928 1003 1968 ad
1027 1927 1210 1967 formam
1232 1926 1491 1981 specificam,
1514 1941 1619 1981 ergo

85 1997 268 2038 materia
317 1998 488 2051 generis
534 2004 600 2039 est
646 1999 689 2038 in
726 1998 928 2051 potencia
976 1997 1032 2039 ad
1082 1997 1310 2038 materiam
1358 1996 1618 2050 specificam.

84 2066 200 2107 Item
223 2079 309 2107 una
331 2066 472 2109 forma
497 2067 656 2109 dicitur
685 2067 918 2108 materialis
944 2073 1140 2120 respectu
1169 2065 1356 2116 alterius,
1378 2073 1425 2107 ut
1454 2067 1617 2108 incom-

81 2135 202 2189 pleta
232 2142 430 2190 respectu
462 2138 617 2191 specie,
649 2150 753 2191 ergo
783 2136 978 2177 similiter
1010 2149 1096 2176 una
1128 2136 1308 2177 materia
1340 2136 1500 2188 poterit
1531 2136 1616 2177 dici

81 2204 289 2256 formalis,
329 2205 522 2256 scilicet,'
548 2205 813 2260 completiva
855 2211 898 2246 et
939 2204 1152 2259 specifica,
1194 2210 1393 2258 respectu
1436 2207 1616 2246 materie

18 2292 62 2324 30
80 2274 266 2327 generis.
351 2274 678 2329 Consequencia
720 2280 844 2328 patet
885 2274 989 2328 quia
1029 2286 1117 2327 qua
1158 2273 1330 2314 racione
1371 2271 1510 2314 forma
1552 2273 1616 2314 in·-

79 2344 300 2398 completa
327 2342 332 2399 Ι
359 2345 536 2386 sortitur
566 2358 728 2387 nomen
765 2351 808 2386 et
846 2344 1064 2385 racionem
1099 2343 1294 2394 materie,
1330 2342 1433 2395 quia
1469 2349 1534 2383 est
1572 2343 1616 2383 in
1635 2347 1673 2380 F.
1687 2358 1813 2391 90211.

81 2413 287 2467 potencia
309 2414 428 2467 quod
450 2421 516 2456 est
539 2415 742 2456 condicio
766 2413 961 2461 materie,
984 2413 1044 2453 sic
1068 2412 1249 2454 materia
1271 2412 1434 2466 poterit
1454 2411 1616 2454 habere

46 2500 49 2501 ⁷
79 2495 239 2523 nomen
267 2489 311 2524 et
342 2483 561 2525 racionem
593 2484 731 2525 forme
763 2490 823 2534 ut,
848 2483 1029 2532 scilicet,
1059 2482 1115 2523 sit
1145 2480 1410 2535 completiva
1437 2480 1616 2524 alterius

124 2608 162 2638 13
186 2601 224 2632 7⁰
240 2599 534 2641 Methaphjsice]
552 2599 573 2631 l.
589 2599 648 2640 vii,
661 2610 688 2632 e.
704 2600 746 2630 28
765 2600 772 2617 ‘
786 2598 1004 2630 Manifestum
1023 2603 1075 2629 est
1091 2597 1180 2629 enim
1197 2598 1288 2638 quod
1303 2597 1440 2637 quidam
1456 2597 1614 2630 homines

76 2650 205 2682 assueti
221 2656 301 2683 sunt
318 2652 436 2683 dicere
451 2653 542 2692 quod
559 2653 688 2684 formae
706 2656 784 2683 sunt
802 2661 925 2683 causae
942 2651 1124 2682 formarum
1144 2676 1150 2683 .
1170 2674 1178 2682 .
1196 2649 1217 2682 .'
1359 2659 1401 2680 22
1425 2654 1558 2682 octavo
1574 2655 1613 2683 et

71 2710 180 2735 ‘nono
196 2703 492 2746 Methaphisiee]
511 2704 532 2736 1.
551 2704 619 2745 viii,
638 2715 666 2735 c.
686 2715 745 2744 14;
771 2703 791 2736 1.
810 2703 855 2744 ix,
876 2713 904 2735 c.
926 2712 975 2742 15.

122 2812 149 2841 1,
167 2813 189 2843 9
211 2803 306 2844 sunt]
323 2804 390 2835 sint
406 2805 439 2835 F
522 2804 709 2844 composito
725 2813 789 2836 om.
806 2802 841 2833 D
945 2813 962 2843 7
987 2802 1060 2833 dari
1076 2812 1142 2834 om.
1160 2801 1195 2832 D
1297 2801 1318 2832 8
1341 2801 1453 2833 dicere
1470 2812 1536 2834 om.
1550 2801 1612 2833 FD

67 2864 182 2895 .27-29
202 2855 407 2897 incompleta
422 2881 430 2890 .
450 2881 458 2890 .
478 2881 486 2890 .
505 2855 632 2889 scilieet
648 2856 683 2888 it.
699 2855 734 2886 D
