1934 3152
822 125 876 178 69

85 248 179 284 tota
225 241 408 295 alicujus
445 240 656 281 individui
696 239 808 280 illius
840 239 1011 293 generis
1052 243 1251 292 respectu
1281 237 1621 289 individuorum,

87 311 287 366 quamvis
320 317 507 363 utraque
544 309 717 350 illarum
748 310 804 351 sit
832 323 934 351 vere
965 308 1263 362 compositum
1293 321 1352 349 ex
1394 324 1497 352 vera
1529 322 1620 350 ma-

85 382 194 422 teria
225 387 269 423 et
300 393 402 421 vera
431 379 584 421 forma.
639 379 834 421 Privacio
864 393 969 421 vero
998 394 1024 421 a
1053 387 1178 434 parte
1200 381 1383 422 materie
1409 388 1476 423 est
1507 385 1619 437 apti-

85 451 194 493 tudo
225 450 349 492 istius
381 455 535 490 nature
571 463 672 491 cum
705 451 908 504 potencia
940 457 985 492 et
1013 451 1212 504 appetitu
1240 452 1297 492 ad
1324 452 1620 506 recipiendum

44 540 62 571 5
84 520 343 562 universalia
365 520 619 561 communia
635 521 890 570 successive,
911 527 955 563 et
976 535 1002 562 a
1024 527 1148 575 parte
1169 522 1322 563 radicis
1340 522 1620 566 individualis

85 597 150 632 est
171 589 298 648 ,illius
329 590 532 643 aptitudo
564 602 663 630 cum
697 590 901 644 potencia
926 598 969 632 et
1001 592 1201 644 appetitu
1230 592 1286 633 ad
1318 593 1619 645 recepcionem

85 659 406 701 individuarum
424 665 678 700 naturarum
701 662 946 702 successive
967 675 1044 714 per
1065 668 1264 702 mutuam
1287 664 1620 716 generacionem

82 737 126 771 et
157 729 488 784 corrupcionem
510 743 520 779 ;
554 729 763 782 quoniam
786 730 903 771 enim
927 737 1082 772 neutra
1104 738 1357 773 naturarum
1386 733 1621 787 adquiren-

83 801 238 841 darum
275 811 353 853 per
383 800 718 853 generacionem
752 806 899 853 potest
930 799 1151 854 complere
1183 803 1430 855 appetitum
1462 804 1620 845 radicis

22 885 61 908 10
80 867 290 910 naturalis
321 875 503 923 propter
525 868 892 922 inperfeccionem
916 869 1087 911 illarum
1106 877 1371 920 naturarum,
1389 872 1490 913 ideo
1512 873 1619 914 dum

80 938 152 979 illa
174 939 302 979 radix
325 950 458 978 unam
486 937 659 979 illarum
682 944 935 980 naturarum
962 939 1111 989 habet,
1131 940 1275 981 adhuc
1305 949 1502 984 remanet
1524 942 1619 997 eJus

82 1007 305 1062 appetitus
339 1020 396 1048 ex
426 1013 553 1060 parte
590 1008 886 1062 imperfectus,
918 1014 961 1049 et
998 1009 1098 1050 ideo
1135 1010 1306 1063 appetit
1339 1010 1471 1061 aliud,
1508 1012 1619 1054 sicut

79 1077 234 1118 mulier
253 1078 395 1118 virum
418 1081 463 1117 et
485 1083 613 1132 turpe
634 1078 816 1129 bonum,
838 1085 887 1120 ut
909 1077 1176 1120 Aristoteles
1198 1079 1316 1121 dicit.

138 1243 384 1300 Capitulum
407 1250 476 1286 2¹¹¹.
538 1242 588 1284 de
608 1244 900 1298 assignacione
922 1245 1060 1285 trium
1072 1245 1392 1298 principiorum
1414 1254 1582 1290 nature.

0 1349 55 1382 =15
100 1368 104 1371 -
138 1338 243 1380 Post
275 1339 358 1380 hoc
385 1337 754 1379 considerandum
787 1344 854 1378 est
880 1335 1117 1389 diligenter
1149 1339 1375 1390 quomodo
1406 1339 1618 1382 debemus

79 1409 301 1463 assignare
322 1408 407 1450 tria
431 1406 646 1461 principia
668 1405 925 1448 Aristotelis
953 1405 1146 1460 vulgata,
1171 1406 1345 1460 scilicet,
1371 1410 1615 1460 materiam,

77 1477 386 1532 privacionem,
417 1483 461 1518 et
493 1476 694 1518 formam.
756 1475 875 1517 Nam
908 1477 951 1516 in
983 1475 1064 1516 hiis
1096 1486 1162 1517 est
1195 1491 1314 1518 error
1345 1477 1550 1528 infinitus,
1572 1486 1616 1521 et

79 1547 327 1603 reprobabo
354 1559 545 1588 errorem
572 1546 797 1600 majorem,
821 1545 1156 1587 determinando
1184 1547 1415 1588 veritatem
1443 1561 1500 1589 ex
1529 1561 1615 1602 qua

76 1618 309 1660 evacuacio
338 1616 536 1658 omnium
574 1629 771 1658 errorum
812 1616 856 1656 in
889 1615 970 1657 hac
1007 1621 1133 1670 parte
1169 1623 1342 1658 constat
1379 1617 1613 1660 evidenter.

15 1697 55 1719 ²0
76 1687 136 1728 Et
164 1688 417 1728 estimatum
451 1690 517 1727 est
554 1700 579 1727 a
612 1685 774 1734 multis,
809 1692 852 1727 et
884 1699 967 1740 ego
999 1686 1070 1727 diu
1098 1686 1262 1727 credidi
1292 1685 1389 1739 hoc,
1420 1689 1539 1740 quod
1571 1688 1613 1728 in
1677 1700 1685 1709 ·

73 1757 221 1811 aliquo
249 1769 409 1811 genere
438 1755 573 1797 tercio
600 1755 876 1797 inveniantur
902 1754 983 1795 hec
1011 1755 1107 1804 tria,
1140 1761 1199 1805 ut,
1228 1755 1408 1807 scilicet,
1432 1758 1613 1798 materia

75 1827 169 1880 ejus
200 1826 256 1869 sit
288 1840 369 1881 pro
402 1826 586 1867 materia
622 1824 810 1866 naturali
842 1825 1152 1879 generacionis,
1179 1832 1223 1866 et
1254 1826 1458 1880 potencia
1489 1826 1612 1868 istius

74 1897 255 1939 materie
285 1909 385 1937 cum
420 1895 620 1950 appetitu
651 1894 745 1949 ejus
774 1895 831 1936 ad
865 1894 1052 1936 formam
1085 1909 1217 1949 quam
1249 1895 1411 1937 habet:
1442 1896 1500 1938 sit
1530 1910 1612 1950 pro

73 1966 324 2019 privacione
356 1971 399 2006 et
430 1965 572 2006 forma
603 1964 697 2020 ejus
729 1978 810 2018 pro
842 1964 978 2006 tercio
1019 1964 1248 2019 principio,
1281 1971 1329 2006 ut
1361 1965 1422 2006 sic
1455 1965 1498 2006 in
1530 1965 1612 2007 hac

14 2044 52 2076 25
73 2035 219 2077 radice
259 2035 483 2076 communi
525 2034 803 2076 inveniantur
853 2034 932 2075 hec
974 2034 1058 2075 tria
1106 2033 1318 2089 principia
1359 2035 1613 2076 communia

75 2104 278 2147 omnibus
310 2103 627 2158 principiandis
655 2103 923 2145 naturaliter.
982 2102 1062 2145 Set
1092 2102 1177 2144 hoc
1208 2116 1302 2144 esse
1333 2116 1421 2144 non
1454 2110 1613 2157 potest,

72 2174 176 2228 quia
190 2173 381 2228 privacio
395 2186 569 2227 semper
582 2173 856 2214 machinatur
871 2173 929 2214 ad
943 2171 1206 2214 maleficium
1222 2179 1265 2213 et
1279 2173 1610 2226 corrupcionem

74 2240 213 2282 forme
255 2240 470 2294 presentis
511 2240 553 2280 in
581 2238 586 2296 Ι
616 2241 808 2291 materia,
851 2246 898 2281 ut
940 2239 1098 2281 dicitur
1137 2239 1280 2293 primo
1320 2239 1610 2282 Plzisicorum.
1633 2243 1752 2275 18a2-

77 2309 157 2352 Set
188 2309 270 2351 hec
300 2310 441 2351 forma
470 2323 695 2363 nunquam
725 2315 872 2363 potest
902 2323 928 2350 a
957 2310 1142 2350 materia
1174 2309 1379 2363 separari,
1400 2310 1609 2362 quoniam

11 2391 53 2423 30
73 2394 161 2422 non
188 2387 256 2423 est
283 2379 578 2432 corruptibilis
607 2392 750 2432 neque
777 2378 1038 2432 generabilis
1067 2385 1133 2420 set
1161 2385 1319 2420 creata.
1386 2379 1501 2420 Item
1535 2393 1612 2433 per

71 2450 367 2505 privacionem
407 2449 590 2490 materia
623 2448 795 2503 appetit
830 2449 1030 2497 formam,
1067 2442 1180 2490 sicut
1212 2448 1365 2490 mulier
1399 2448 1539 2490 virum
1566 2456 1610 2491 et

117 2552 155 2594 1'3
180 2558 223 2586 ut
253 2556 478 2586 Aristoteles
509 2552 620 2593 dicit]
650 2552 747 2592 Phys.
777 2553 797 2584 1.
827 2552 847 2592 i,
875 2562 903 2583 c.
931 2552 971 2582 81
999 2553 1006 2567 ‘
1021 2551 1163 2582 materia
1189 2551 1320 2591 appetit
1350 2551 1490 2583 sormam
1520 2551 1608 2584 sicut

70 2606 198 2638 semina
212 2616 339 2637 marem
358 2611 392 2637 et
406 2610 507 2646 turpe
525 2605 725 2645 pulchrum!
860 2605 902 2635 28
925 2605 1048 2640 primo
1063 2603 1320 2645 Phisieorum]
1337 2603 1358 2635 l.
1379 2604 1400 2644 i,
1419 2614 1446 2634 c.
1464 2605 1518 2637 82.

121 2706 134 2727 1
160 2695 315 2737 generis]
333 2695 572 2736 generacionis
588 2693 637 2736 M,
656 2693 714 2725 sed
727 2704 807 2725 corr.
827 2694 862 2724 in
880 2703 988 2734 marg.
1158 2702 1178 2732 5
1203 2691 1425 2734 universalia]
1442 2693 1560 2725 ultima
1576 2693 1611 2724 D

70 2750 92 2779 6
114 2747 220 2790 illius]
236 2747 392 2779 similiter
407 2747 443 2778 D
457 2759 464 2778 :
487 2747 644 2778 similiter
659 2746 748 2777 illius
764 2746 797 2776 F
924 2750 958 2776 et
974 2745 1129 2785 appetitu
1145 2755 1212 2776 om.
1230 2744 1294 2775 FD
1471 2746 1535 2785 7—8
1559 2746 1608 2777 in-

72 2800 280 2831 dividuarum
301 2824 308 2832 .
328 2824 334 2831 .
354 2823 361 2831 .
381 2799 638 2840 corrupcionem
655 2809 722 2829 om.
740 2798 803 2829 FD
1089 2807 1128 2828 10
1151 2797 1330 2839 naturalis]
1349 2797 1530 2829 materialis
1546 2797 1610 2828 FD

74 2863 114 2884 12
137 2851 245 2893 aliud]
263 2851 346 2883 illud
363 2852 397 2882 D
579 2861 616 2890 14
643 2851 796 2892 Capitula
812 2849 955 2882 secunda
971 2854 1001 2881 et
1016 2850 1111 2881 tertia
1127 2850 1162 2880 in
1178 2849 1241 2880 FD
1258 2859 1324 2881 non
1339 2850 1558 2882 inveniuntur
