1934 3152
817 87 895 127 ιιι)

86 201 219 230 causa
240 202 318 243 per
342 202 387 229 se
416 188 584 238 dicitur,
606 203 692 243 que
723 203 780 230 ex
809 203 887 231 sua
918 191 1096 245 propria
1130 195 1282 230 natura
1318 187 1542 229 ordinatur
1576 188 1616 227 in

86 257 302 308 effectum,
321 270 450 299 causa
472 271 549 312 per
568 259 765 300 accidens
787 274 873 313 que
889 273 975 301 non
993 261 1067 312 sic,
1087 265 1152 302 set
1174 259 1277 313 quia
1298 257 1619 299 concomitatur

86 340 263 370 causam
292 340 369 381 per
397 341 453 377 se,
475 333 523 367 ut
553 328 749 369 medicus
772 329 838 370 vel
867 343 935 371 ars
966 329 1181 370 medicine
1213 329 1256 368 in
1290 332 1435 367 mente
1463 325 1618 366 medici

86 403 152 438 est
167 410 296 438 causa
312 410 390 450 per
405 410 450 437 se
468 397 665 438 sanitatis
682 398 852 447 infirmi,
871 405 913 440 et
933 399 1138 440 Socrates
1153 405 1197 439 et
1212 398 1347 438 homo
1366 401 1409 437 et
1439 393 1444 450 Ι
1470 393 1618 447 hujus·
1639 398 1679 439 36
1697 410 1715 431 a
1736 408 1761 431 1·

45 489 64 519 5
86 466 205 507 modi
236 479 321 520 que
351 465 565 507 adherent
591 467 761 509 medico
792 474 893 509 sunt
925 482 1055 509 cause
1087 482 1163 522 per
1192 467 1405 518 accidens,
1427 464 1529 518 quia
1550 475 1621 504 ars

86 535 301 577 medicine
336 541 380 576 et
418 537 613 577 medicus
651 537 693 577 in
730 544 943 590 quantum
981 537 1232 591 hujusmodi
1270 536 1528 577 ordinantur
1563 546 1620 573 ex

84 605 261 660 propria
295 605 456 646 virtute
493 611 542 647 ut
576 604 735 646 faciant
769 607 1015 657 sanitatem,
1046 613 1112 648 set
1157 605 1364 647 Socrates
1400 609 1444 645 et
1484 602 1619 643 homo

85 687 182 724 non,
204 673 286 715 nisi
307 674 410 728 quia
432 675 627 716 medicus
649 681 714 716 est
736 675 882 727 homo,
897 683 941 717 et
969 675 1187 717 Socrates.
1241 673 1465 722 Similiter,
1486 672 1620 713 homo

83 751 149 785 est
185 757 318 785 causa
353 757 431 797 per
467 757 513 785 se
554 744 732 794 ridendi,
770 744 872 797 quia
909 745 1045 786 homo
1082 744 1310 785 ordinatur
1346 743 1403 784 ad
1439 742 1522 782 hoc
1560 753 1618 781 ex

25 833 65 856 10
83 814 260 868 propria
292 820 458 864 natura,
487 819 553 854 set
585 814 781 855 medicus
811 814 878 855 vel
911 813 1036 855 albus
1062 814 1128 855 vel
1164 814 1353 854 musicus
1383 810 1453 852 vel
1484 809 1620 864 quod-

82 896 253 937 cunque
284 882 403 924 aliud
443 884 484 924 in
516 883 693 925 homine
725 897 811 924 non
843 884 923 924 nisi
956 897 1032 938 per
1064 883 1276 924 accidens.
1339 880 1421 923 Set
1460 879 1617 921 intelli-

82 953 274 1006 gendum
318 959 383 995 est
425 966 483 993 ex
526 952 854 1006 methaphisicis
895 959 940 994 et
980 952 1133 1006 logicis
1177 952 1297 1005 quod
1339 964 1415 1004 per
1465 963 1510 990 se
1553 954 1618 990 est

81 1022 325 1076 dupliciter,
358 1021 534 1072 scilicet,
567 1036 644 1076 per
678 1036 724 1064 se
755 1029 798 1063 et
831 1022 983 1076 primo,
1007 1029 1049 1063 et
1082 1034 1161 1075 per
1194 1034 1240 1062 se
1267 1026 1311 1061 et
1343 1019 1613 1061 secundario.

83 1091 234 1133 Homo
257 1092 372 1133 enim
387 1097 454 1133 est
468 1091 641 1133 risibilis
659 1105 737 1145 per
754 1105 799 1133 se
816 1098 859 1133 et
881 1091 1036 1145 primo,
1052 1097 1095 1132 et
1118 1089 1325 1131 Socrates
1351 1094 1416 1130 est
1438 1087 1614 1128 risibilis

24 1181 60 1212 15
81 1174 159 1214 per
179 1175 225 1203 se
246 1167 290 1202 et
313 1175 401 1202 non
418 1161 572 1215 primo,
595 1161 696 1214 quia
719 1161 884 1202 risibile
905 1161 1090 1202 debetur
1115 1158 1275 1213 speciei
1306 1156 1615 1212 principaliter,

82 1237 125 1271 et
151 1231 253 1284 quia
281 1231 447 1285 species
476 1231 689 1285 reperitur
715 1231 757 1271 in
787 1229 1033 1272 individuis.
1100 1230 1207 1270 Ideo
1246 1228 1432 1269 debetur
1462 1239 1615 1267 secun-

81 1300 205 1341 dario
227 1301 289 1341 eis
318 1307 362 1342 et
395 1314 472 1355 per
497 1315 543 1342 se
568 1307 732 1351 tamen,
761 1300 972 1354 quoniam
997 1299 1164 1354 species
1190 1303 1256 1339 est
1284 1310 1360 1351 per
1387 1309 1432 1337 56
1459 1302 1503 1336 et
1529 1307 1616 1334 non

80 1368 159 1423 per
180 1371 382 1412 accidens
404 1370 447 1411 in
470 1370 722 1411 individuis.
786 1369 959 1410 Eodem
994 1368 1126 1409 modo
1157 1373 1223 1409 est
1255 1366 1352 1414 hic;
1384 1379 1453 1406 ars
1480 1363 1615 1404 medi-

81 1439 174 1480 cine
199 1445 266 1481 est
297 1440 440 1494 primo
470 1446 512 1481 et
544 1453 622 1493 per
644 1453 691 1480 se
717 1452 847 1480 causa
873 1437 1087 1488 sanitatiS‚
1116 1436 1312 1478 medicus
1341 1448 1444 1476 vero
1470 1447 1547 1487 per
1573 1445 1619 1472 56

20 1525 61 1547 20
80 1514 124 1549 et
144 1510 417 1551 secundario.
472 1509 531 1550 Et
553 1509 689 1550 homo
712 1522 789 1562 per
810 1523 856 1550 se
876 1515 919 1550 et
942 1508 1088 1562 primo
1112 1513 1179 1547 est
1196 1519 1327 1546 causa
1349 1501 1616 1549 risibilitatis,

81 1577 284 1621 Socrates
305 1585 349 1620 et
379 1579 506 1620 Plato
538 1578 805 1628 secundario,
833 1584 877 1619 et
908 1577 968 1618 sic
991 1578 1045 1618 de
1075 1574 1292 1629 exemplis
1321 1573 1501 1614 infinitis
1532 1583 1618 1625 que

79 1654 244 1701 patent.
322 1648 465 1690 Cause
498 1662 602 1690 vero
639 1647 844 1702 simplex,
879 1654 922 1688 et
960 1645 1220 1700 composita,
1258 1650 1301 1685 et
1342 1643 1386 1683 in
1423 1647 1536 1691 actu,
1574 1646 1616 1680 et

79 1719 296 1770 potencia,
329 1733 416 1760 non
452 1719 619 1761 habent
656 1717 974 1759 difficultatem.
1049 1714 1195 1756 Causa
1232 1712 1421 1766 simplex
1457 1724 1534 1765 per
1570 1723 1616 1750 se

78 1794 223 1830 statue
245 1794 310 1829 est
341 1787 528 1838 artifex;
561 1801 692 1829 causa
721 1786 912 1840 simplex
940 1799 1018 1838 per
1050 1784 1252 1826 accidens
1280 1788 1346 1823 est
1379 1779 1615 1822 Policletus

19 1872 58 1904 25
77 1857 145 1898 vel
179 1857 305 1900 Plato
335 1863 379 1897 et
408 1857 597 1898 musicus
629 1862 672 1898 et
698 1855 967 1909 hujusmodi,
990 1859 1056 1895 set
1088 1852 1248 1894 artifex
1282 1850 1517 1892 Policletus
1549 1855 1615 1889 est

78 1940 211 1982 agens
244 1927 551 1981 compositum,
582 1933 624 1968 et
654 1925 816 1967 artifex
844 1924 1044 1973 musicus,
1073 1929 1116 1964 et
1142 1919 1408 1975 hujusmodi.
1471 1918 1616 1960 Causa

77 2011 182 2038 vero
216 1998 258 2037 in
298 2002 397 2037 actu
439 2003 504 2037 est
540 1996 660 2048 quod
702 1993 1024 2048 presencialiter
1070 1997 1219 2032 causat
1256 2003 1366 2039 rem,
1405 2001 1536 2029 causa
1572 1987 1615 2027 in

79 2067 281 2120 potencia
316 2079 402 2119 que
439 2065 495 2106 de
531 2065 678 2106 futuro
713 2069 860 2118 potest
897 2075 1088 2111 causare,
1125 2060 1243 2100 unde
1279 2066 1402 2100 actus
1440 2057 1509 2098 hic
1547 2063 1614 2097 est

78 2135 419 2190 presencialitas,
466 2141 511 2176 et
551 2134 754 2188 potencia
807 2139 936 2173 sonat
980 2132 1022 2171 in
1070 2128 1388 2171 futuricionem.
1466 2126 1613 2168 Ovum

18 2219 60 2251 30
79 2206 211 2259 igitur
245 2212 311 2247 est
348 2218 478 2246 causa
520 2202 755 2244 materialis
788 2201 990 2243 animalis
1024 2200 1066 2240 in
1104 2198 1320 2253 potencia,
1351 2209 1453 2238 caro
1483 2203 1527 2237 et
1566 2208 1615 2235 os

79 2283 123 2317 et
146 2275 263 2316 nervi
286 2282 329 2316 et
351 2275 436 2316 alia
457 2279 559 2314 sunt
581 2286 711 2313 cause
734 2272 777 2312 in
804 2277 922 2320 actu,
944 2276 990 2311 ut
1014 2274 1293 2322 carpentator
1319 2266 1527 2307 edificans
1549 2271 1615 2306 est

77 2359 208 2387 causa
231 2345 273 2385 in
295 2351 406 2392 actu,
425 2349 706 2397 carpentator
728 2341 950 2382 dormiens
972 2347 1039 2380 est
1063 2351 1193 2380 causa
1215 2337 1374 2378 domus
1396 2336 1439 2376 in
1460 2341 1614 2389 poten-

76 2416 155 2465 cia,
178 2421 221 2456 et
243 2414 303 2456 sic
327 2415 381 2455 de
403 2413 508 2454 aliis.
572 2410 717 2453 Causa
740 2410 872 2464 igitur
894 2423 994 2450 cum
1018 2408 1073 2448 sit
1096 2406 1274 2448 relative
1299 2406 1479 2453 dictum,
1503 2403 1537 2444 si
1560 2404 1615 2444 sit

77 2484 120 2524 in
143 2490 257 2537 actu,
279 2485 437 2526 dicitur
462 2483 518 2523 ad
546 2487 773 2522 causatum
802 2480 844 2520 in
871 2485 986 2528 actu,
1007 2478 1042 2518 si
1069 2477 1124 2518 sit
1150 2477 1193 2516 in
1226 2475 1428 2529 potencia
1455 2473 1617 2514 dicitur

17 2561 57 2593 35
77 2550 132 2594 ad
164 2560 391 2596 causatum
427 2552 468 2592 in
503 2551 719 2606 potencia,
745 2549 863 2590 unde
895 2560 1027 2588 causa
1058 2547 1102 2587 in
1132 2552 1233 2587 actu
1267 2550 1334 2585 est
1362 2543 1491 2584 simul
1517 2556 1615 2583 curn

121 2659 163 2680 22
188 2652 306 2682 Cause
323 2649 430 2690 vero]
448 2659 491 2680 an
509 2647 754 2688 amplification
770 2645 809 2676 of
822 2645 928 2676 Arist.
951 2643 1080 2684 Plzysic.
1097 2641 1118 2673 l.
1139 2642 1171 2679 ii,
1195 2651 1223 2676 c.
1240 2641 1283 2680 36
1298 2650 1372 2680 sqq.

124 2747 159 2768 11
188 2737 273 2779 non]
291 2748 357 2769 om.
375 2737 409 2767 D
560 2746 598 2776 15
623 2734 674 2776 et]
693 2738 745 2766 set
761 2733 796 2764 D
946 2743 989 2764 20
1012 2736 1047 2763 et
1063 2729 1284 2771 secundario]
1305 2733 1359 2761 set
1375 2738 1443 2759 non
1462 2728 1571 2768 primo
1588 2727 1621 2758 F

76 2799 116 2829 31
143 2788 225 2830 alia]
242 2789 401 2820 animalia
417 2789 452 2820 D

144 2869 171 2886 R.
187 2868 211 2886 Β.
234 2869 252 2886 11
829 2850 862 2881 K
