1934 3152
1025 87 1082 137 64

280 205 437 261 specie.
512 204 610 247 Hoc
645 203 781 245 modo
817 203 925 246 dicit
961 200 1231 244 Aristoteles
1265 206 1312 258 3⁰
1346 200 1664 257 Metkaplcz‘sz'ce
1706 199 1826 255 quod

282 275 535 318 differencia
557 280 623 316 est
645 288 732 315 una
755 287 950 324 numero,
972 273 1077 327 quia
1103 286 1240 314 unum
1266 271 1510 314 universale
1539 283 1725 313 numero
1748 277 1827 320 est,

282 346 460 395 scilicet,
482 344 737 386 differencia
768 350 847 394 est,
870 350 915 385 et
946 349 1094 385 tamen
1124 343 1167 384 in
1195 357 1242 385 se
1269 345 1504 384 commune
1535 349 1602 384 est
1633 341 1829 397 pluribus

282 416 514 471 speciebus
556 414 625 456 vel
667 413 917 455 individuis.
981 412 1100 467 Quia
1139 419 1288 455 autem
1331 412 1598 456 Aristoteles
1639 411 1745 454 dicit
1785 415 1829 464 7ο

284 484 603 540 Metlzapllz'sz'ce
635 485 753 538 quod
786 489 911 525 actus
942 483 1113 534 dividit,
1145 489 1194 524 ut
1226 484 1288 525 sic
1321 483 1476 525 divisio
1517 488 1561 524 et
1597 481 1827 524 diversitas
1847 494 1865 526 5

284 563 399 598 esset
421 569 446 596 a
468 560 593 608 parte
614 554 753 595 forme
770 560 814 595 et
831 567 919 594 non
936 567 962 594 a
978 560 1104 608 parte
1126 554 1317 606 materie,
1333 560 1377 595 et
1400 553 1501 595 ideo
1521 566 1601 595 nec
1623 551 1828 594 differen-

284 626 352 667 cie
383 631 427 667 et
458 624 626 679 species
659 630 804 665 essent
836 625 1020 666 materie
1051 638 1132 666 nec
1158 637 1331 678 genera,
1354 617 1589 666 dicendum
1618 629 1683 664 est
1705 623 1827 678 quod

285 695 345 736 ibi
388 708 475 735 non
516 694 704 736 sumitur
744 701 867 736 actus
910 708 992 748 pro
1027 694 1179 746 forma,
1220 700 1287 736 set
1328 708 1409 748 pro
1450 692 1706 736 actualitate
1742 706 1829 747 que

284 766 520 820 opponitur
541 764 757 819 potencie,
779 764 899 819 quod
929 771 1053 818 patet
1074 778 1153 820 per
1172 763 1307 806 verba
1335 778 1425 814 sua,
1449 777 1552 804 nam
1574 763 1706 804 dicit:
1747 765 1828 805 ‘ex

284 834 458 876 duobus
488 834 532 874 in
560 840 663 876 actu
692 847 779 875 non
809 833 859 875 fit
888 848 1036 882 unum,
1069 847 1148 875 nec
1178 847 1236 874 ex
1258 823 1433 874 duobus
1459 833 1502 873 in
1524 832 1739 887 potencia,
1760 839 1828 874 set
1849 843 1888 866 10

285 918 343 945 ex
373 917 461 946 uno
490 904 533 944 in
562 909 662 945 actu
689 910 734 945 et
765 902 852 945 alio
882 903 926 944 in
953 902 1180 958 potencia‚’
1203 903 1322 958 quod
1351 903 1387 944 si
1417 903 1473 944 de
1503 903 1643 944 forma
1670 895 1828 944 intelli-

284 980 473 1028 geretur,
491 987 579 1015 non
597 980 664 1015 est
686 973 745 1014 ibi
767 972 847 1015 hec
870 973 1011 1015 diccio
1033 972 1260 1015 exclusiva
1274 975 1283 993 ‘
1297 971 1416 1013 solus
1431 971 1454 1024 '‚
1472 986 1559 1013 non
1580 972 1697 1013 enirn
1722 971 1830 1014 dicit

285 1043 432 1085 ‘solus
467 1043 613 1086 actus'
645 1049 712 1085 set
743 1044 898 1085 ‘actus
917 1040 926 1057 '
958 1044 1128 1094 dividit,
1162 1056 1241 1085 nec
1282 1043 1451 1098 precise
1492 1040 1826 1096 intelligendum

287 1119 355 1155 est
385 1113 481 1163 hoc,
514 1114 591 1155 sed
623 1113 979 1155 antonomastice
1010 1119 1055 1155 et
1092 1112 1352 1164 evidencius,
1383 1112 1487 1167 quia
1518 1112 1755 1154 divisiones
1786 1118 1831 1154 et

286 1183 564 1225 diversitates
613 1190 716 1225 sunt
770 1183 910 1238 magis
961 1190 1065 1225 note
1116 1197 1250 1237 quam
1296 1197 1323 1224 a
1368 1189 1494 1237 parte
1545 1182 1739 1235 materie,
1785 1188 1830 1224 et
1851 1192 1888 1225 15

286 1253 630 1308 principaliores,
649 1253 754 1307 quia
775 1253 917 1293 forma
938 1259 1004 1295 est
1026 1267 1094 1294 res
1116 1252 1399 1308 principalior
1419 1259 1462 1295 et
1485 1252 1674 1294 nobilior
1693 1265 1829 1306 quam

289 1323 484 1373 materia,
507 1329 551 1364 et
577 1322 678 1364 ideo
711 1336 854 1363 rerum
887 1329 953 1364 est
984 1323 1264 1378 principalior
1289 1322 1516 1365 distinccio
1545 1336 1623 1376 per
1643 1321 1832 1363 formam

287 1406 421 1447 quarn
454 1406 532 1446 per
563 1392 809 1442 materiam,
833 1399 898 1433 set
929 1398 1078 1434 tamen
1112 1394 1295 1434 materia
1328 1392 1431 1434 facit
1463 1392 1721 1434 divisionem
1750 1405 1831 1433 suo

288 1464 425 1504 modo
451 1469 495 1504 et
527 1460 824 1504 differenciam
857 1477 1014 1513 rerum,
1043 1470 1087 1505 et
1118 1470 1184 1505 est
1210 1477 1297 1504 una
1328 1464 1498 1506 diversa
1529 1463 1573 1503 in
1600 1462 1746 1516 specie
1774 1462 1831 1504 ab

289 1533 376 1575 alia
398 1539 442 1574 et
463 1546 623 1586 genere
646 1539 690 1574 et
712 1546 894 1574 numero
916 1533 1027 1575 sicut
1049 1533 1203 1586 forma,
1224 1539 1269 1576 et
1293 1547 1372 1589 per
1393 1540 1627 1587 utramque
1648 1532 1830 1574 diversi·
1852 1547 1893 1570 20

288 1610 426 1645 tatem
451 1609 518 1643 est
539 1601 733 1656 perfecta
755 1602 984 1644 distinccio
1006 1617 1163 1645 rerum.

349 1673 410 1714 Et
440 1673 540 1713 ideo
567 1686 667 1713 cum
696 1672 893 1714 obiciunt
922 1674 1055 1726 quod,
1079 1673 1259 1715 exclusa
1288 1673 1407 1714 omni
1437 1672 1578 1714 forma
1599 1687 1626 1713 a
1647 1672 1832 1715 materia

290 1741 370 1782 celi
408 1749 451 1784 et
487 1741 659 1796 lapidis,
690 1755 777 1783 non
809 1743 889 1784 erit
920 1743 1163 1794 diversitas,
1196 1743 1301 1797 quia
1336 1743 1492 1784 divisio
1523 1748 1589 1784 est
1620 1756 1646 1783 a
1677 1742 1833 1791 forma,

290 1819 416 1866 patet
429 1812 550 1866 quod
566 1812 667 1854 licet
682 1813 839 1855 divisio
854 1813 909 1853 sit
926 1828 951 1854 a
967 1813 1108 1855 forma
1125 1819 1274 1855 tamen
1291 1813 1492 1854 similiter
1508 1820 1575 1855 est
1591 1827 1617 1854 a
1636 1813 1831 1863 materia,

290 1888 356 1923 set
394 1882 674 1936 principalius
704 1889 749 1924 et
781 1883 1032 1925 evidencius
1063 1898 1089 1924 a
1122 1882 1276 1935 forma,
1307 1884 1424 1924 unde
1457 1883 1642 1924 materia
1673 1882 1754 1924 celi
1786 1890 1829 1924 et
1852 1895 1891 1927 25

290 1951 447 2006 lapidis
469 1952 678 1994 differunt
700 1953 994 1994 essencialiter
1020 1967 1097 2007 per
1118 1966 1219 1994 suas
1245 1953 1519 1994 differencias
1541 1952 1766 2007 specificas
1787 1953 1831 1994 in

290 2035 450 2075 genere
473 2022 664 2071 materie,
688 2023 800 2064 sicut
821 2021 962 2064 forma
988 2023 1067 2064 celi
1097 2030 1142 2065 et
1172 2023 1331 2079 lapidis
1366 2024 1409 2064 in
1431 2011 1590 2077 genere
1611 2023 1764 2074 forme,
1787 2029 1830 2065 et

289 2092 371 2132 hec
412 2092 560 2132 omnia
598 2093 737 2146 magis
773 2094 990 2147 patebunt
1030 2094 1207 2147 quando
1244 2093 1477 2135 divisiones
1514 2093 1748 2147 compositi
1786 2099 1831 2135 et

292 2162 475 2203 materie
497 2168 541 2202 et
562 2162 703 2203 forme
724 2169 953 2216 ponentur.
980 2161 985 2219 Ι

336 2307 350 2327 1
378 2299 415 2328 3⁰
432 2297 725 2339 Methaphisiee]
743 2297 763 2330 l.
784 2298 830 2339 iii,
849 2309 877 2330 c.
898 2301 947 2331 16.
1172 2308 1236 2340 4—5
1259 2303 1297 2333 7⁰
1313 2298 1607 2341 Methaphjsice]
1624 2299 1650 2348 l⁸⁴
1665 2299 1721 2340 vii,
1741 2310 1768 2332 e.
1787 2311 1831 2340 49

292 2350 300 2366 ‘
314 2348 420 2380 Actus
437 2349 529 2380 enim
547 2349 689 2381 dividit?
851 2361 939 2391 9-10
962 2362 1009 2384 ex
1026 2353 1174 2384 duobus
1191 2354 1233 2384 in
1250 2357 1337 2384 actu
1353 2377 1360 2384 .
1382 2377 1390 2385 .
1412 2351 1440 2394 .]
1457 2352 1542 2384 This
1559 2352 1734 2392 quotation
1752 2363 1830 2394 may

288 2400 437 2432 indicate
455 2402 513 2432 the
530 2405 602 2432 text
619 2403 704 2434 used
720 2403 766 2443 by
782 2403 910 2435 Bacon.

335 2533 354 2552 2
379 2533 519 2554 numero
536 2523 606 2565 est]
624 2535 765 2555 numero
782 2524 817 2554 D
993 2536 1014 2566 3
1038 2526 1168 2557 scilicet
1185 2526 1381 2558 differencia
1397 2526 1465 2569 est]
1483 2525 1614 2558 scilicet
1630 2526 1829 2560 differencia

291 2575 326 2605 D
341 2587 348 2605 :
374 2586 440 2606 om.
458 2576 492 2606 F
671 2588 691 2615 4
715 2577 804 2616 Quia
821 2583 935 2610 autem
953 2603 961 2610 .
983 2603 990 2610 .
1008 2604 1014 2610 .
1031 2590 1099 2609 om.
1116 2580 1293 2620 usquefin.
1313 2583 1382 2620 cap.
1398 2580 1432 2611 F
1602 2589 1620 2618 7
1646 2579 1697 2621 et]
1714 2590 1778 2613 nec
1791 2581 1829 2612 D

292 2638 313 2667 9
338 2632 431 2667 patet
447 2639 514 2661 ont.
533 2628 568 2658 D
746 2639 784 2670 15
809 2630 907 2672 note]
925 2635 1004 2663 note
1022 2643 1041 2663 a
1058 2636 1155 2672 parte
1172 2631 1279 2663 forme
1295 2631 1331 2662 D
1525 2641 1565 2672 19
1585 2632 1640 2664 alt.
1658 2636 1692 2664 et
1709 2643 1774 2665 om.
1794 2633 1831 2664 D

293 2690 334 2719 24
359 2680 529 2722 similiter]
545 2680 692 2721 simplex
708 2681 744 2712 D
