1934 3152
39 559 56 591 5

19 906 57 927 10

14 1602 54 1625 20

12 2306 53 2336 30

824 163 878 205 93

77 262 225 304 locum
256 262 341 303 sibi
378 263 654 316 determinat,
686 271 730 306 et
763 264 861 306 ideo
892 265 1032 306 brutis
1059 278 1146 306 non
1171 265 1387 306 sufficeret
1422 265 1541 307 locus
1575 267 1617 307 in

79 332 247 373 mundo
298 332 333 373 si
385 340 529 373 essent
576 333 856 387 immortalia,
899 348 978 376 nec
1029 339 1192 388 pastus,
1231 341 1274 375 et
1316 347 1401 375 non
1439 343 1617 389 possent

78 400 279 442 homines
322 407 425 442 tunc
477 402 648 443 durare.
728 403 787 444 Et
828 404 973 444 omnia
1023 403 1129 445 talia
1173 404 1369 445 excludit
1421 411 1465 446 et
1513 404 1614 446 facit

76 470 323 526 magnifica.

136 541 308 582 Natura
358 540 633 596 particularis
684 549 750 583 est
790 543 927 584 virtus
970 543 1154 597 regitiva
1195 543 1356 598 speciei
1393 557 1493 584 cum
1527 544 1618 585 suis

75 610 309 652 individuis
351 616 396 652 et
437 611 538 652 ideo
575 610 655 652 hec
702 618 768 653 est
816 612 997 667 duplex,
1040 612 1217 663 scilicet,
1259 613 1394 654 virtus
1436 614 1618 667 regitiva

75 681 235 734 speciei
279 686 323 722 et
363 680 501 721 virtus
546 681 730 735 regitiva
779 682 1005 733 individui,
1047 683 1148 735 quia
1190 683 1232 722 in
1274 683 1394 724 omni
1435 696 1616 737 genera-

76 751 200 792 cione
222 750 404 803 quidem
436 749 486 791 fit
515 763 601 791 una
631 751 798 805 species
830 757 874 792 et
905 752 1105 793 similiter
1139 765 1276 793 unum
1308 752 1583 794 individuum
1609 751 1613 807 Ι

75 821 179 874 quia
207 820 480 862 individuum
512 834 599 861 non
628 826 694 861 est
723 821 813 861 sine
842 822 999 874 specie,
1023 835 1102 863 nec
1132 836 1156 862 e
1182 835 1402 863 converso.
1463 822 1616 864 Virtus

76 890 210 943 igitur
244 889 524 932 informativa
561 890 798 931 embrionis
848 891 891 931 in
936 898 1088 933 ventre
1132 891 1283 933 matris
1331 899 1397 933 est
1430 892 1614 946 dupleX‚

76 973 163 1000 una
208 959 395 1002 intendit
436 966 480 1000 et
522 967 730 1013 operatur
775 962 829 1001 ad
882 962 1225 1015 produccionem
1276 961 1476 1010 hominis,
1529 961 1614 1003 alia

74 1029 263 1071 intendit
302 1036 346 1071 et
380 1036 586 1084 operatur
626 1032 683 1072 ad
718 1031 1059 1085 produccionem
1104 1031 1226 1072 istius
1271 1031 1472 1081 hominis,
1514 1032 1617 1085 quia

74 1099 210 1140 virtus
251 1099 435 1153 regitiva
475 1100 687 1142 individui
724 1101 1031 1155 appropriatur
1071 1101 1298 1142 individuo
1334 1107 1377 1142 et
1411 1107 1617 1155 operatur

75 1169 193 1222 quod
228 1169 429 1219 intendit,
461 1176 504 1211 et
537 1170 726 1212 intendit
756 1172 877 1223 quod
909 1176 1128 1224 operatur,
1163 1177 1206 1211 et
1240 1170 1440 1212 similiter
1475 1170 1612 1211 virtus

37 1253 53 1284 5
75 1239 260 1292 regitiva
294 1240 452 1294 speciei
484 1240 589 1293 quia
620 1241 929 1295 appropriatur
962 1240 1013 1288 ei,
1042 1247 1249 1294 operatur
1277 1242 1395 1294 quod
1426 1240 1614 1281 intendit

73 1315 117 1369 et
147 1309 336 1350 intendit
364 1309 485 1363 quod
517 1316 733 1364 operatur.
797 1309 876 1351 Set
904 1316 1054 1351 tamen
1075 1310 1211 1350 virtus
1241 1310 1423 1363 regitiva
1445 1310 1615 1364 speciei,

75 1377 175 1420 licet
198 1379 404 1433 primario
426 1385 470 1419 et
487 1393 564 1433 per
581 1393 627 1421 se
644 1386 688 1420 et
704 1379 1002 1434 principaliter
1023 1379 1223 1420 intendat
1245 1380 1449 1434 speciem,
1465 1386 1614 1420 tamen

72 1449 332 1490 secundario
374 1449 561 1490 intendit
599 1450 887 1501 individuum,
928 1450 1032 1503 quia
1071 1450 1167 1491 vult
1208 1450 1370 1490 habere
1410 1450 1611 1503 speciem,

74 1518 247 1569 scilicet,
264 1519 306 1559 in
329 1518 405 1561 tali
423 1519 662 1561 individuo.
711 1520 771 1561 Et
793 1519 1010 1569 similiter,
1027 1520 1164 1560 virtus
1183 1519 1366 1573 regitiva
1384 1519 1613 1567 individui,

72 1589 173 1630 licet
196 1589 396 1630 intendat
413 1589 708 1644 principaliter
725 1590 1014 1638 individuum,
1030 1596 1179 1630 tamen
1196 1589 1454 1630 secundario
1473 1589 1610 1630 inten-

74 1659 139 1700 dit
161 1660 364 1714 speciem,
387 1661 491 1713 quia
510 1660 604 1700 vult
626 1659 898 1700 individuum
922 1673 999 1700 sue
1025 1659 1183 1713 speciei
1207 1666 1250 1700 et
1272 1672 1359 1700 non
1381 1658 1569 1700 alterius

132 1728 180 1770 Si
220 1742 324 1783 ergo
361 1743 668 1784 comparemus
701 1729 944 1771 universale
980 1730 1036 1770 ad
1073 1743 1152 1770 sua
1188 1728 1388 1769 inferiora
1421 1729 1463 1768 in
1502 1728 1615 1769 linea

72 1798 449 1853 predicamentali,
473 1806 521 1841 ut
542 1799 840 1841 substanciam
862 1800 916 1839 ad
940 1812 1110 1853 corpus,
1129 1805 1172 1839 et
1190 1812 1347 1852 corpus
1364 1799 1420 1839 ad
1438 1797 1613 1847 animal,

73 1875 116 1910 et
147 1868 311 1910 animal
348 1870 404 1910 ad
436 1868 674 1920 hominem,
707 1874 810 1910 tunc
844 1869 1082 1910 secundum
1119 1868 1424 1921 operacionem
1460 1875 1613 1908 nature

36 1945 116 1986 ,aet
158 1939 486 1989 execucionem,
524 1939 642 1993 prius
683 1945 749 1980 est
786 1937 1029 1979 universale
1065 1951 1198 1991 quam
1236 1937 1508 1991 particulare,
1546 1944 1610 1977 set

72 2008 288 2063 posterius
334 2015 399 2049 est
447 2009 689 2049 secundum
735 2008 1039 2057 intencionem,
1085 2007 1188 2061 quia
1228 2007 1458 2048 Avicenna
1505 2007 1612 2048 dicit

72 2078 215 2132 primo
262 2076 542 2119 Phisicormn
594 2078 791 2119 ‘Natura
841 2090 929 2118 non
978 2077 1162 2130 quiescit
1210 2077 1348 2118 donec
1395 2076 1610 2118 habeatur

71 2147 236 2201 aliquid
269 2147 539 2201 completum
569 2153 612 2188 et
645 2147 753 2189 illud
781 2147 969 2188 intendit
985 2145 1006 2187 '.
1070 2146 1187 2187 Nam
1216 2146 1251 2186 si
1281 2152 1437 2187 natura
1469 2146 1609 2187 inten-

71 2219 194 2271 deret
245 2217 407 2258 animal
460 2217 768 2271 principaliter,
815 2223 918 2258 tunc
971 2216 1014 2256 in
1064 2216 1346 2270 generacione
1396 2216 1610 2268 acquisita

71 2286 345 2328 animalitate
376 2292 564 2327 cessaret
593 2287 797 2340 operacio
819 2293 984 2327 nature.
1047 2283 1125 2326 Set
1158 2298 1245 2325 non
1273 2291 1426 2327 cessat.
1489 2285 1610 2338 Ergo

70 2356 234 2399 animal
275 2369 363 2398 non
404 2364 470 2398 est
520 2355 617 2396 finis
657 2356 849 2397 intentus
890 2369 916 2396 a
957 2360 1123 2396 natura.
1203 2355 1262 2396 Et
1303 2362 1480 2410 propter
1527 2354 1610 2396 hoc

70 2426 366 2481 significanter
403 2426 509 2467 dicit
545 2425 822 2474 Aristoteles,
870 2426 939 2465 160
979 2424 1048 2465 De
1079 2423 1374 2472 Animalibus,
1405 2424 1523 2478 quod
1567 2425 1610 2464 in

71 2497 300 2553 embrione
345 2495 464 2550 prius
507 2502 572 2536 est
617 2494 782 2536 animal
818 2508 952 2548 quam
996 2508 1145 2547 equus,
1187 2501 1230 2535 et
1274 2494 1431 2535 eodem
1475 2495 1609 2535 modo

70 2566 202 2607 currit
223 2566 339 2607 linea
365 2564 609 2618 singularis.
672 2565 819 2605 Primo
851 2564 968 2605 enirn
1001 2562 1050 2604 fit
1081 2563 1160 2603 hec
1192 2563 1444 2604 substancia
1475 2577 1608 2617 quarn

34 2643 50 2674 5
71 2635 154 2677 hoc
185 2649 356 2690 corpus,
387 2641 432 2676 et
463 2634 547 2675 hoc
579 2647 734 2688 corpus
767 2647 900 2687 quarn
932 2633 1016 2674 hoc
1049 2632 1226 2684 animal,
1257 2638 1301 2673 et
1332 2632 1415 2674 hoc
1447 2633 1608 2673 animal

71 2719 204 2758 quam
226 2706 296 2746 hic
318 2705 464 2753 homo,
489 2710 532 2745 et
555 2704 652 2745 ideo
675 2703 944 2744 individuum
973 2703 1112 2756 magis
1136 2703 1366 2743 confusum
1396 2709 1440 2743 et
1470 2703 1609 2756 magis

114 2817 156 2846 32
180 2811 241 2838 16¹¹
257 2806 514 2848 Animalibus]
531 2805 582 2836 De
601 2805 678 2838 Gen.
697 2805 766 2837 An.
786 2805 805 2836 1.
824 2805 856 2845 ii,
877 2815 904 2836 c.
922 2814 942 2844 3
963 2806 1050 2836 ‘non
1074 2805 1164 2835 enirn
1188 2804 1285 2836 simul
1310 2809 1345 2836 et
1369 2805 1490 2836 animal
1517 2805 1552 2835 fit
1577 2810 1611 2836 et

57 2860 170 2891 'homo
188 2871 250 2891 nec
268 2860 392 2891 animal
409 2865 443 2891 et
459 2859 588 2900 equus.'

1637 844 1759 876 25³2·
