1934 3152
122 1054 245 1096 19b1.

1015 90 1069 133 74

266 196 433 248 melior,
467 198 692 251 quoniam,
725 211 825 239 cum
858 196 1122 239 Aristoteles
1155 197 1273 248 dicit,
1310 197 1453 251 primo
1486 197 1815 252 Methaplzz‘sz'ce,

265 268 386 322 quod
427 269 509 309 ‘de
541 267 754 321 principio
784 267 1028 308 secundum
1057 267 1249 321 speciem
1279 266 1682 321 methaphisici‘est'
1709 281 1813 310 con-

266 338 494 389 sideracio‚
517 343 560 378 et
593 351 681 377 non
715 337 869 391 phisici
888 334 908 385 '‚
943 342 986 377 et
1018 336 1138 390 quod
1160 337 1399 392 ‘principia
1430 328 1608 392 oportet
1639 350 1815 392 semper

268 421 445 450 manere
463 406 484 457 ',
536 407 636 448 ideo
682 406 823 461 prima
870 406 1013 447 forma
1064 405 1191 448 aliter
1241 407 1365 461 queri
1417 414 1578 460 potest,
1625 408 1680 448 de
1728 422 1816 461 qua

267 478 374 519 dicit
406 477 689 526 Aristoteles,
709 477 856 531 primo
887 475 1215 530 Methaphz'sice,
1248 477 1368 531 quod
1401 479 1492 518 ‘est
1523 484 1674 518 eterna
1705 477 1816 519 sicut
1835 495 1854 528 5

267 548 459 603 primum
495 547 686 587 efficiens
723 552 767 587 et
796 545 894 587 finis
928 545 1110 588 ultimus
1128 545 1150 586 ’.
1214 546 1293 589 Set
1330 547 1414 589 ista
1450 546 1591 588 forma
1625 560 1713 589 non
1750 554 1817 589 est

267 617 414 671 aliqua
436 617 577 659 forma
600 615 853 671 corporalis,
876 616 1086 670 quoniam
1110 615 1454 671 methaphisicus
1474 630 1564 658 non
1587 617 1816 659 descendit

267 687 378 729 infra
402 701 570 741 corpus,
594 693 661 728 set
691 686 836 727 solum
867 692 956 727 stat
987 687 1029 727 in
1056 686 1310 728 substancia
1340 686 1555 742 spirituali
1586 687 1630 727 in
1658 700 1817 741 genere

266 757 530 799 substancie.
594 755 730 798 Nulla
752 763 903 798 autem
922 755 1218 811 intelligencia
1234 762 1381 810 potest
1399 770 1504 808 esse,
1521 770 1597 798 seu
1619 756 1818 811 angelus,

267 828 371 881 quia
392 826 574 881 angelus
596 840 685 868 non
711 832 777 868 est
803 826 947 868 forma
974 840 1117 867 rerum
1148 826 1414 868 naturalium
1438 833 1482 868 et
1511 826 1818 882 corporalium,
1839 846 1880 869 10

267 911 347 939 nec
390 904 438 938 ut
481 897 722 951 exemplar,
766 910 846 938 nec
888 904 936 937 ut
979 896 1210 950 perfeccio,
1252 910 1330 938 nec
1366 897 1641 952 contingeret
1678 897 1818 951 magis

268 968 493 1022 assignare
525 981 662 1008 unum
694 967 901 1022 angelum
940 981 1074 1020 quam
1113 967 1248 1009 alium
1278 981 1359 1021 pro
1402 967 1543 1009 forma
1573 966 1819 1021 exemplari

269 1052 414 1080 rerum
466 1037 734 1086 inferiorum,
777 1050 857 1079 nec
884 1035 888 1091 Ι
919 1044 1070 1091 posset
1113 1052 1222 1087 esse,
1265 1039 1369 1091 quia
1420 1039 1476 1079 ad
1520 1038 1818 1079 imitacionem

267 1108 466 1162 angelice
498 1114 655 1150 nature
687 1121 777 1150 non
809 1107 920 1149 fiunt
952 1122 1020 1149 res
1054 1109 1097 1149 in
1129 1108 1215 1151 hoc
1248 1109 1428 1150 mundo.
1492 1107 1572 1150 Set
1602 1121 1680 1149 ηερ
1705 1108 1820 1162 ydee

269 1184 436 1220 stantes
459 1184 588 1220 extra
612 1184 807 1219 mentem
826 1178 1035 1231 divinam,
1056 1185 1105 1220 ut
1122 1179 1274 1232 posuit
1294 1177 1435 1229 Plato,
1451 1178 1506 1220 ad
1530 1191 1640 1232 quas
1662 1184 1818 1220 natura
1841 1195 1880 1227 15

270 1249 446 1303 respicit
468 1248 511 1288 in
534 1248 759 1302 operando
782 1247 825 1287 in
848 1248 1031 1289 modum
1053 1248 1244 1301 artificis,
1266 1257 1314 1290 ut
1336 1248 1604 1291 Aristoteles
1622 1255 1665 1290 et
1684 1247 1819 1290 Com-

270 1325 496 1360 mentator
528 1319 716 1360 recitant
747 1318 942 1360 secundo
976 1318 1295 1372 Metlzaplzisice
1327 1326 1370 1360 et
1402 1318 1494 1372 vij0‚
1525 1325 1678 1360 contra
1720 1317 1818 1359 Pla-

270 1396 437 1431 tonem.
491 1388 772 1442 Impossibile
794 1389 911 1430 enim
936 1397 1003 1431 est
1025 1391 1144 1444 quod
1168 1389 1419 1443 hujusmodi
1442 1390 1556 1444 ydee
1584 1389 1670 1430 sint
1693 1394 1822 1430 extra

271 1465 466 1500 mentem
490 1458 699 1512 divinam,
723 1464 770 1499 ut
793 1458 1094 1513 multipliciter
1111 1466 1235 1514 patet
1258 1473 1316 1500 ex
1337 1459 1594 1511 Aristotele,
1616 1459 1820 1513 precipue

270 1543 421 1570 versus
444 1528 578 1569 finem
596 1529 788 1583 septimi.
852 1529 912 1570 Et
934 1530 969 1571 si
992 1536 1150 1579 essent,
1179 1543 1266 1571 non
1294 1535 1474 1583 possent
1497 1542 1592 1570 esse
1618 1528 1820 1570 formalia
1841 1545 1882 1566 20

272 1613 414 1640 rerum
438 1600 665 1654 principia,
692 1605 739 1640 ut
762 1599 1070 1641 habundanter
1092 1600 1306 1654 probatur
1329 1613 1406 1653 per
1423 1598 1715 1640 Aristotelem
1734 1614 1743 1648 ;
1776 1605 1821 1640 et

273 1682 352 1711 nec
373 1676 523 1724 posset
553 1670 658 1724 poni
688 1669 835 1724 aliqua
863 1670 1005 1723 prima
1033 1670 1145 1711 inter
1172 1676 1352 1720 ceteras,
1375 1669 1491 1711 unde
1520 1669 1659 1710 forma
1680 1669 1821 1723 prima

273 1740 516 1781 secundum
540 1740 653 1781 hanc
675 1740 792 1781 viam
811 1753 900 1781 non
919 1747 1168 1794 poneretur,
1186 1741 1395 1794 quoniam
1414 1738 1535 1780 nulla
1551 1739 1821 1792 dependeret

273 1810 329 1851 ad
353 1809 485 1851 aliam
520 1823 599 1851 nec
628 1810 827 1851 ordinem
854 1809 1095 1859 haberent3
1129 1810 1340 1864 quoniam
1367 1823 1522 1851 omnes
1553 1815 1700 1850 essent
1722 1814 1820 1850 tan-

273 1893 407 1933 quam
437 1880 666 1921 individua
695 1880 894 1933 ejusdem
919 1880 1093 1934 speciei,
1117 1880 1231 1922 sicut
1262 1893 1320 1921 ex
1351 1879 1463 1921 libro
1491 1879 1560 1920 De
1591 1877 1744 1921 causis
1777 1886 1819 1919 et
1842 1894 1879 1926 :5

276 1954 320 2003 7⁰
367 1949 687 2004 Methaplzz'sz'ce
727 1956 853 2004 patet
894 1949 1136 1993 evidenter.
1210 1950 1501 2005 Quapropter·
1540 1963 1628 1990 non
1670 1955 1819 2004 potest

272 2020 353 2062 hec
393 2019 535 2062 forma
578 2034 673 2062 esse
705 2020 789 2061 nisi
821 2033 954 2062 causa
986 2021 1141 2074 prima,
1174 2034 1260 2075 que
1301 2026 1368 2062 est
1409 2021 1553 2074 prima
1592 2019 1732 2061 forma
1777 2026 1820 2060 et

273 2090 536 2145 principium
560 2089 767 2141 efficiens,
788 2097 833 2132 et
862 2090 1044 2132 ultimus
1075 2090 1174 2132 finis
1203 2092 1402 2132 omnium
1432 2097 1525 2132 tam
1555 2088 1819 2132 naturalium

274 2173 408 2213 quam
432 2173 522 2202 non
546 2159 825 2202 naturalium.
878 2160 921 2201 N
927 2174 974 2202 ec
996 2167 1147 2202 tamen
1177 2166 1243 2202 est
1264 2160 1347 2202 sub
1369 2159 1452 2202 hac
1474 2159 1616 2201 forma
1639 2159 1821 2200 materie

274 2229 485 2271 naturalis
508 2230 759 2284 perfectiva,
782 2244 861 2272 nec
884 2244 986 2285 pars
1009 2245 1152 2272 rerum
1176 2230 1456 2278 naturalium,
1476 2243 1556 2271 nec
1578 2243 1651 2271 eas
1672 2228 1820 2283 aliquo
1840 2244 1881 2274 30

275 2301 409 2341 modo
442 2300 694 2351 informans,
716 2307 782 2341 set
814 2307 880 2342 est
913 2300 1054 2342 forma
1085 2300 1356 2354 exemplaris
1387 2300 1583 2354 dirigens
1615 2305 1817 2340 naturam

275 2369 317 2410 in
349 2384 428 2411 sua
460 2371 733 2424 operacione,
755 2371 858 2424 quia
889 2371 1081 2412 essencia
1114 2371 1263 2412 divina
1293 2370 1462 2424 ydealis
1491 2368 1634 2410 omnis
1665 2375 1820 2409 nature

274 2452 364 2480 non
387 2439 529 2481 solum
549 2446 615 2481 est
631 2439 861 2494 exemplar
878 2441 1088 2490 omnium,
1107 2447 1173 2482 set
1199 2439 1360 2482 artifex
1378 2439 1587 2494 primum,
1610 2437 1732 2490 cujus
1754 2437 1818 2478 in-

274 2514 568 2550 strumentum
601 2515 668 2550 est
697 2517 866 2561 natura,
889 2511 1099 2564 quoniam
1122 2516 1279 2551 natura
1301 2509 1489 2551 intendit
1512 2507 1642 2548 finem
1665 2514 1708 2548 et
1731 2520 1819 2548 non

275 2579 367 2632 agit
390 2579 469 2619 nisi
500 2585 682 2632 propter
712 2579 844 2620 finem
875 2580 1111 2632 intentum,
1133 2588 1182 2622 ut
1210 2578 1478 2621 Aristoteles
1506 2578 1611 2619 dicit
1642 2581 1685 2619 2⁰
1706 2576 1817 2618 Plci-
1839 2591 1879 2623 35

272 2648 471 2696 sicarum,
494 2656 538 2690 et
560 2650 661 2690 ideo
683 2650 789 2691 dicit
814 2650 1119 2704 Alpharabius
1146 2651 1218 2700 ibi,
1242 2649 1362 2704 quod
1381 2652 1563 2690 ‘natura
1584 2654 1818 2702 preparata

321 2742 334 2761 1
362 2735 484 2769 primo
501 2734 797 2775 methaphisice]
816 2736 835 2767 l.
851 2734 876 2775 i,
894 2746 920 2767 c.
939 2746 968 2767 2.
1075 2746 1095 2776 5
1118 2738 1242 2773 primo
1259 2731 1552 2774 Methaphisiee]
1569 2732 1590 2764 l.
1609 2732 1629 2771 i,
1647 2742 1676 2763 c.
1694 2742 1733 2772 31
1752 2732 1818 2763 and

274 2793 394 2815 comm.
549 2795 590 2825 25
614 2788 669 2818 De
686 2787 834 2828 causis]
855 2789 896 2829 (2)
913 2798 1009 2828 prop.
1036 2790 1083 2819 16.
1232 2796 1275 2826 35
1299 2788 1338 2817 2⁰
1354 2784 1606 2824 Phisioorum]
1626 2783 1646 2816 l.
1665 2784 1699 2822 ii,
1718 2794 1746 2816 e.
1763 2785 1816 2815 86.

274 2840 317 2878 36
340 2841 611 2881 Alpharabius]
629 2841 713 2872 This
730 2848 977 2883 commentary‚
995 2843 1033 2874 os
1046 2843 1159 2874 which
1177 2852 1196 2872 a
1210 2846 1295 2882 part,
1313 2843 1321 2859 ⁴
1335 2840 1517 2872 Distinctio
1535 2839 1699 2871 Alfarabii
1715 2849 1819 2880 super
