1934 3152
999 36 1080 82 128

266 154 462 209 corporis
479 149 614 209 quarn
633 155 790 204 anime,
804 160 854 196 ut
871 153 1153 196 manifestum
1172 160 1250 206 est,
1265 154 1403 196 eciam
1421 147 1811 208 quantumcunque

267 226 324 267 sit
346 225 481 266 homo
509 226 650 267 bonus
676 230 719 266 et
746 224 946 278 preditus
967 224 1140 273 virtute,
1162 237 1265 265 nam
1288 224 1381 265 sitit
1404 229 1449 265 et
1470 220 1604 271 esurit
1625 230 1672 274 et
1691 223 1811 264 infir-

268 300 426 346 matur,
442 300 486 337 et
505 294 737 348 expositus
755 299 821 334 est
842 293 1045 348 periculis
1066 294 1349 348 ingnorancie
1366 292 1623 347 multiplicis
1644 299 1686 334 et
1709 307 1811 347 pec-

266 371 380 414 cato,
403 371 446 406 et
471 365 653 406 tandem
686 363 871 404 moritur
902 363 1223 414 miserabiliter,
1252 370 1296 405 et
1328 364 1429 406 ideo
1461 364 1630 417 indiget
1655 362 1813 405 ultimo

236 464 244 473 .
267 434 366 488 fine,
383 435 457 489 qui
480 440 547 475 est
575 433 579 488 Ι
609 434 755 475 futura
774 433 1216 487 beatitudo‚propter
1228 435 1349 487 quod
1367 434 1498 476 docet
1511 433 1684 475 Tullius
1700 432 1813 474 libro
1835 451 1852 483 5

266 504 335 545 De
369 504 714 545 Immortalitate
748 501 921 554 Anime,
953 502 1074 556 quod
1111 501 1193 544 hec
1227 504 1319 545 vita
1350 517 1469 545 mors
1500 509 1580 557 est,
1612 510 1656 544 et
1686 503 1814 544 Plato

266 575 309 614 in
336 573 534 615 Fedrmze
558 573 689 614 docet
717 573 837 627 quod
871 579 1051 628 propter
1082 571 1166 614 hoc
1191 572 1329 615 homo
1358 587 1446 615 non
1473 573 1607 615 debet
1636 573 1814 614 studere

267 643 348 684 nisi
371 643 427 683 ad
450 642 841 684 mortificacionem
862 643 954 684 vite
980 642 1195 696 presentis
1223 642 1559 693 racionabiliter,
1582 648 1631 684 ut
1656 656 1815 696 sequa-

268 720 338 754 tur
358 712 488 754 aliam
511 712 661 762 vitam,
685 725 881 754 asserens
910 713 1031 766 quod
1063 710 1348 766 philosophia
1380 719 1447 754 est
1472 727 1575 755 cura
1603 719 1646 754 et
1672 712 1813 754 solici-

268 783 379 824 tudo
406 783 575 831 mortis,
598 788 642 824 et
672 782 715 823 in
742 782 827 824 hoc
858 782 1130 824 concordant
1154 796 1308 824 omnes
1339 783 1591 837 philosophi
1620 782 1816 838 perfecti,
1838 799 1878 822 10

268 853 381 894 sicut
418 853 460 893 in
497 852 751 894 Moralibus
790 857 1052 907 exponetur.
1129 852 1189 893 Et
1231 853 1274 893 in
1315 852 1398 894 hiis
1434 854 1574 895 causis
1610 852 1816 903 finalibus

268 923 428 964 accidit
461 923 581 976 quod
617 936 750 964 causa
793 928 964 964 remota
996 928 1041 964 et
1084 922 1340 964 universalis
1378 930 1444 965 est
1487 923 1734 978 potissima.
1771 929 1816 965 et

270 993 463 1034 remocio
485 993 579 1046 ejus
600 999 668 1034 est
693 1005 720 1033 a
748 999 875 1046 parte
906 993 1138 1046 posteriori
1162 994 1206 1033 in
1227 993 1326 1034 aliis
1352 994 1492 1035 causis
1517 993 1574 1034 ab
1595 993 1817 1041 anteriori,

270 1069 318 1103 ut
350 1061 498 1104 futura
530 1062 714 1104 felicitas
747 1068 813 1103 est
845 1062 1075 1117 potencior
1098 1064 1262 1105 virtute
1292 1069 1336 1105 et
1368 1070 1462 1105 arte
1493 1070 1538 1105 et
1570 1069 1741 1115 natura,
1772 1069 1817 1104 et

269 1131 368 1187 plus
400 1132 542 1174 influit
573 1133 616 1173 in
648 1132 900 1174 hominem:
938 1147 1040 1173 nam
1074 1133 1169 1187 ipsa
1198 1133 1411 1175 veraciter
1440 1134 1618 1187 cognita
1648 1133 1816 1175 inducit
1839 1149 1876 1181 15

269 1203 495 1243 hominem
528 1202 585 1244 ad
622 1208 929 1256 contemptum
967 1203 1235 1244 naturalium
1267 1208 1311 1244 et
1343 1202 1650 1252 artificialium,
1683 1209 1728 1245 et
1759 1203 1816 1244 ad

270 1273 603 1326 reputacionem
625 1271 799 1312 virtutis
822 1272 1050 1313 minimam
1079 1278 1280 1327 respectu
1307 1272 1539 1324 felicitatis,
1568 1278 1612 1314 et
1636 1272 1721 1315 hoc
1750 1281 1815 1314 est

269 1343 325 1384 ad
349 1341 520 1383 sortiter
546 1341 876 1396 expediendum
895 1341 1080 1383 virtutes
1113 1349 1294 1396 propter
1326 1356 1438 1394 eam,
1461 1343 1578 1384 unde
1603 1342 1723 1384 idem
1751 1349 1816 1384 est

268 1412 442 1453 fortiter
466 1425 615 1453 amare
640 1411 864 1464 virtutem,
886 1417 930 1451 et
955 1425 1054 1453 eam
1077 1418 1282 1465 reputare
1308 1412 1434 1466 quasi
1461 1412 1592 1454 nichil
1615 1419 1815 1466 respectu

269 1482 413 1523 future
446 1480 676 1532 felicitatis,
705 1481 767 1523 ita
797 1487 946 1522 tamen
977 1482 1096 1535 quod
1129 1482 1356 1523 ordinetur
1387 1482 1525 1524 virtus
1557 1496 1733 1537 semper
1760 1483 1815 1524 ad
1839 1498 1879 1520 20

271 1552 392 1592 illam
414 1551 682 1602 felicitatem,
704 1557 752 1591 ut
772 1549 909 1591 homo
931 1556 1323 1605 quantumcunque
1344 1552 1539 1606 optimus
1561 1558 1736 1607 reputet
1758 1566 1817 1604 se,

272 1635 447 1676 semper
461 1621 585 1675 quasi
600 1620 734 1662 nichil
757 1621 942 1674 dignum
958 1619 1100 1662 facere
1118 1628 1300 1676 propter
1316 1635 1513 1663 amorem
1531 1622 1818 1664 beatitudinis

274 1692 416 1732 future
461 1691 784 1745 consequende‚
826 1691 870 1730 in
911 1704 1000 1744 qua
1045 1697 1111 1732 est
1160 1698 1302 1732 status
1351 1692 1549 1734 omnium
1600 1692 1815 1734 bonorum

272 1762 592 1816 aggregacione
629 1760 858 1814 perfectus,
897 1767 945 1801 ut
979 1761 1109 1802 docet
1145 1760 1436 1815 philosophia,
1474 1769 1518 1803 et
1556 1761 1664 1804 fides
1696 1768 1819 1804 tenet

273 1832 394 1885 quod
432 1832 486 1872 sit
527 1831 618 1872 tale
654 1830 774 1883 quod
811 1829 964 1871 oculus
996 1844 1084 1871 non
1112 1830 1223 1872 vidit
1263 1837 1307 1872 et
1348 1832 1464 1872 auris
1506 1846 1593 1872 non
1636 1832 1816 1880 audivit,
1841 1847 1879 1879 ²5

274 1915 352 1943 nec
381 1901 424 1941 in
451 1914 526 1942 cor
550 1900 741 1942 hominis
767 1900 978 1941 ascendit.
1042 1898 1128 1941 Sed
1162 1901 1300 1941 eciam
1322 1900 1555 1943 Avicenna
1582 1901 1663 1942 hec
1684 1902 1819 1942 verba

273 1972 430 2012 recitat
463 1972 505 2011 in
537 1970 711 2012 decimo
744 1969 1069 2022 Methaplcz·s2‘c·e‚
1101 1983 1226 2010 amor
1257 1971 1391 2024 igitur
1421 1971 1566 2012 future
1598 1970 1818 2013 felicitatis

272 2040 406 2081 vincit
429 2040 589 2092 onmia,
611 2046 655 2080 et
685 2039 784 2081 ideo
816 2040 914 2093 plus
946 2039 1087 2080 influit
1115 2039 1157 2079 in
1189 2039 1411 2081 hominem
1435 2054 1569 2094 quam
1598 2041 1669 2082 alii
1697 2040 1816 2082 fines.

277 2110 419 2151 Cause
442 2116 589 2151 autem
617 2123 694 2164 per
714 2123 760 2150 se
782 2115 826 2150 et
855 2123 932 2164 per
958 2109 1158 2150 accidens
1182 2109 1486 2164 intelliguntur
1508 2125 1566 2152 ex
1588 2110 1672 2153 hoc
1694 2112 1815 2165 quod

319 2256 338 2285 5
363 2245 528 2287 Tullius]
551 2246 645 2277 Tusc.
664 2245 762 2285 Disp.
780 2245 800 2276 1.
820 2246 838 2276 i.
857 2255 909 2285 31.
1031 2246 1053 2276 6
1076 2245 1205 2287 Plato]
1224 2245 1359 2277 Plzaedo
1376 2257 1405 2278 c.
1428 2257 1479 2287 12,
1498 2247 1648 2288 perhaps
1666 2248 1816 2288 through

276 2299 407 2330 Cicero.
579 2301 623 2329 26
645 2297 860 2340 Avieenna]
878 2298 899 2330 l.
916 2309 950 2339 x,
970 2308 997 2329 c.
1018 2299 1192 2340 gpassim.

322 2449 333 2469 1
361 2439 487 2480 eciam]
506 2443 542 2470 ut
557 2439 606 2470 F:
633 2450 702 2471 om.
721 2439 756 2469 D
873 2440 895 2470 6
921 2438 1194 2480 immortalitate]
1209 2438 1483 2471 Immutabilitate
1500 2440 1536 2471 D
1656 2450 1760 2481 12—13
1785 2446 1820 2473 et

277 2491 443 2532 remocio]
461 2496 515 2522 set
534 2492 682 2523 remocio
700 2491 765 2522 FD
902 2502 941 2531 13
964 2491 1058 2533 aliis]
1077 2492 1143 2523 hiis
1159 2491 1194 2521 D
1282 2492 1324 2522 ab
1341 2492 1521 2534 anteriori]
1539 2493 1581 2524 ab
1598 2492 1751 2524 interiori
1767 2493 1818 2526 F:

276 2544 547 2574 subalternorum
563 2544 599 2574 D
831 2554 870 2583 14
892 2544 1057 2586 felicitas]
1075 2543 1250 2575 beatitudo
1266 2543 1302 2574 D
1479 2544 1617 2586 natura]
1636 2545 1776 2577 materia
1791 2545 1824 2576 F

281 2597 386 2633 15-16
409 2606 486 2626 nam
505 2619 514 2628 .
533 2620 540 2627 .
559 2619 566 2626 .
583 2596 756 2626 hominem
774 2606 840 2627 om.
857 2596 892 2626 D
1116 2597 1156 2627 16
1178 2596 1428 2637 contemptum]
1447 2602 1645 2628 contentum
1663 2597 1710 2628 F:
1739 2607 1818 2629 con-

276 2653 412 2687 ceptum
429 2648 464 2678 D
648 2658 685 2688 17
710 2648 848 2679 virtutis
864 2659 930 2680 om.
948 2648 983 2679 D
1169 2650 1208 2679 18
1232 2649 1506 2689 expediendum]
1524 2650 1768 2690 exponendum
1785 2650 1820 2680 D

277 2711 316 2738 24
343 2699 530 2742 perfectus]
546 2700 776 2740 perfeccionis
789 2701 824 2731 D
958 2711 1000 2742 25
1025 2707 1058 2733 et
1076 2702 1169 2732 auris
1184 2701 1269 2742 non]
1287 2712 1349 2732 nec
1367 2702 1460 2733 auris
1476 2702 1542 2732 FD
1682 2704 1725 2734 26
1749 2703 1818 2735 Sed

278 2751 401 2793 eciam]
421 2751 619 2783 Secundum
638 2753 747 2784 eciam
764 2753 856 2793 quod
873 2753 939 2784 FD
1042 2764 1085 2794 29
1109 2758 1144 2785 et
1161 2763 1223 2794 per
1238 2753 1395 2785 accidens
1411 2764 1476 2785 om.
1494 2754 1529 2784 D
