1934 3152
858 107 878 148 7

100 211 346 264 plantarum
380 210 601 259 inclusive,
624 211 726 264 quia
754 211 969 252 medicina
1001 210 1212 251 mirabilis
1238 223 1324 264 que
1356 210 1486 250 docet
1515 223 1637 251 mun—

98 281 201 321 dare
222 280 401 322 metalla
421 280 589 329 viliora,
611 286 660 321 ut
677 279 783 321 fiant
805 294 958 321 aurum
980 286 1023 321 et
1045 286 1290 334 argentum,
1312 279 1561 320 extrahitur
1582 280 1637 319 de

98 350 252 403 spiritu
274 350 497 392 occultato
524 349 568 390 in
595 350 795 403 partibus
825 350 1077 403 plantarum
1106 356 1151 391 et
1179 348 1447 397 animalium,
1471 354 1516 389 et
1540 362 1638 402 pre-

97 419 224 472 cipue
251 419 494 470 hominum,
516 419 629 460 sicut
655 418 918 461 Aristoteles
948 426 991 460 et
1019 419 1251 461 Avicenna
1279 424 1323 460 et
1351 417 1425 458 alii
1451 417 1638 459 edocent

58 500 76 531 5
97 486 333 527 evidenter.
397 486 458 528 Et
486 492 665 528 taceant
695 486 817 527 stulti
849 486 923 540 qui
954 486 1197 528 abutuntur
1227 484 1464 526 autoritate
1490 483 1564 524 illa
1595 484 1638 524 in

96 555 182 598 fine
203 556 343 610 prime
371 556 677 598 translacionis
699 556 1038 604 Metheorormn,
1060 569 1196 610 quam
1225 561 1378 597 contra
1405 554 1636 596 veritatem

96 625 300 681 allegant,
342 626 538 668 dicentes
579 626 791 679 scriptum
834 640 928 667 esse
978 629 987 646 ‘
1004 625 1158 668 Sciant
1198 624 1389 667 artifices
1436 623 1636 665 Alkimie

95 696 262 750 species
298 710 443 737 rerum
484 696 768 737 transmutari
811 709 898 737 non
939 694 1096 750 posse‚’
1132 708 1183 737 ac
1226 695 1263 736 si
1302 701 1417 736 esset
1449 694 1634 735 verbum

93 765 359 817 Aristotelis,
381 779 481 807 cum
505 765 635 808 nichil
658 765 751 819 ejus
773 766 828 808 sit
853 780 879 806 a
901 766 1113 819 principio
1130 765 1244 806 illius
1266 764 1447 820 capituli
1468 765 1478 783 ‘
1498 765 1636 806 Terra

36 851 74 874 10
93 847 202 886 pura
223 833 334 887 Iapis
356 846 443 874 non
467 833 516 874 fit
531 832 540 847 '
567 840 611 875 et
628 840 788 882 cetera,
810 839 876 875 set
897 833 1103 875 additum
1121 834 1178 874 ab
1199 831 1441 873 Alveredo.
1499 831 1634 885 Quod

93 903 128 944 si
165 908 280 944 esset
314 903 428 944 male
458 902 663 958 allegant,
696 917 796 945 cum
833 909 1042 957 sequatur
1077 902 1185 943 ‘nisi
1218 901 1293 943 fiat
1325 901 1541 943 resolucio
1577 902 1633 942 ad

93 973 320 1013 materiam
353 973 542 1027 primam
575 986 709 1026 quam
741 971 967 1027 ignorant‚'
989 973 1045 1013 de
1075 986 1163 1026 qua
1193 979 1345 1013 tamen
1366 971 1634 1013 Aristoteles

93 1043 136 1083 in
172 1056 288 1085 nono
324 1042 613 1097 Metaplcz‘sz‘ce
654 1042 760 1085 dicit
801 1043 920 1096 quod
959 1055 1046 1084 non
1079 1041 1130 1084 fit
1166 1056 1224 1083 ex
1263 1047 1437 1083 mortuo
1471 1041 1634 1091 vivum,

92 1112 171 1154 nisi
200 1112 276 1154 fiat
308 1113 526 1154 resolucio
554 1114 611 1154 ad
644 1113 874 1154 materiam
907 1113 1109 1166 primam.
1174 1112 1273 1152 Hec
1305 1111 1421 1152 enim
1445 1110 1634 1153 sciencia

30 1198 70 1230 15
91 1182 276 1224 traditur
312 1183 430 1236 apud
457 1182 747 1224 Aristotelem
780 1195 867 1222 non
899 1182 942 1222 in
973 1181 1096 1222 libris
1126 1181 1332 1234 vulgatis,
1365 1181 1469 1234 quia
1500 1179 1631 1223 nichil

90 1252 304 1294 habemus
326 1252 368 1293 in
391 1252 697 1294 communibus
721 1252 840 1293 libris
863 1251 1136 1293 naturalibus
1159 1251 1214 1292 de
1235 1251 1465 1304 speciebus
1488 1265 1631 1293 rerum

90 1322 440 1373 inanimatarum,
468 1330 535 1364 set
567 1323 611 1363 in
642 1322 738 1363 aliis
766 1321 887 1363 libris
915 1322 1003 1363 suis
1028 1320 1288 1375 specialibus
1316 1321 1391 1374 qui
1423 1320 1474 1363 de
1509 1322 1633 1363 rebus

84 1393 351 1434 ‘inanimatis
387 1392 676 1445 intitulantur,
718 1398 761 1433 et
802 1393 846 1432 in
887 1391 999 1432 libro
1042 1391 1320 1433 secretorum
1363 1396 1407 1431 et
1447 1390 1552 1432 alibi
1587 1391 1631 1432 in

89 1461 337 1514 particulari
353 1462 484 1503 docet
504 1463 560 1504 de
576 1462 768 1517 practica
789 1460 999 1512 Alkimie‚
1017 1461 1139 1516 cujus
1155 1460 1424 1503 sentenciam
1442 1461 1630 1515 exponit

28 1550 69 1572 20
88 1529 316 1572 Avicenna
338 1531 382 1571 in
405 1544 570 1586 magno
602 1531 826 1573 volumine
853 1532 910 1572 de
932 1529 1006 1572 illa
1034 1531 1233 1581 sciencia,
1255 1530 1376 1584 quod
1405 1530 1448 1571 in
1474 1531 1628 1572 decem

86 1599 204 1641 libris
225 1600 485 1642 continetur.
549 1601 610 1642 Et
631 1601 705 1642 alii
726 1601 825 1642 libri
842 1601 935 1655 ejus
956 1608 999 1642 et
1020 1601 1205 1642 aliorum
1227 1606 1332 1642 sunt
1353 1600 1530 1655 plurimi
1553 1601 1628 1654 qui

86 1670 357 1723 sapientibus
378 1670 668 1713 innotescunt.

143 1740 363 1794 Deinceps
377 1741 432 1782 de
448 1741 699 1795 plantarum
718 1748 874 1783 natura
890 1747 934 1782 et
947 1740 1204 1782 animalium
1222 1739 1423 1794 specialis
1439 1740 1627 1783 sciencia

84 1816 128 1850 et
157 1810 354 1851 maxima
379 1811 669 1860 constituitur,
694 1811 872 1863 scilicet,
903 1811 959 1852 de
986 1810 1192 1851 omnibus
1223 1809 1429 1851 animatis
1460 1817 1624 1864 preter-

25 1897 63 1929 25
83 1892 217 1932 quam
237 1880 292 1921 de
312 1879 505 1931 homine,
527 1881 584 1921 de
605 1894 706 1934 quo,
728 1887 909 1935 propter
930 1880 1206 1922 nobilitatem
1223 1892 1348 1920 suam
1372 1886 1416 1920 et
1438 1880 1624 1922 necessi-

83 1955 234 2000 tatem,
248 1950 533 1991 constituitur
548 1950 737 1991 sciencia
758 1950 935 2004 propria
956 1963 1042 2003 que
1064 1949 1224 1991 dicitur
1246 1949 1480 1990 Medicina.
1509 1948 1516 2005 Ι
1545 1949 1623 1992 Set
1644 1964 1659 1986 2
1677 1956 1698 1987 b
1717 1964 1745 1987 2.

82 2018 120 2059 ei
157 2018 200 2058 in
237 2019 390 2060 ordine
430 2020 659 2073 discipline
694 2021 836 2074 prima
867 2026 934 2061 est
972 2019 1158 2061 sciencia
1198 2019 1493 2060 animatorum
1526 2032 1623 2072 pre-

81 2088 337 2129 cedencium
366 2086 371 2144 Ι
398 2088 624 2130 hominem
656 2096 699 2130 et
730 2090 823 2144 ejus
859 2089 954 2130 usui
986 2087 1339 2139 necessariorum,
1361 2100 1447 2141 que
1478 2088 1622 2142 primo
1642 2093 1678 2124 F·
1697 2094 1813 2133 85a1.

82 2157 308 2199 descendit
329 2158 386 2199 ad
409 2171 539 2199 omne
561 2171 697 2212 genus
719 2159 811 2212 agri
834 2165 878 2200 et
899 2165 1014 2199 terre
1036 2157 1327 2208 nascencium,
1348 2157 1620 2211 distinguens

20 2245 61 2277 30
83 2233 270 2280 quatuor
297 2227 466 2280 species
497 2241 720 2281 agrorum,
752 2234 796 2269 et
828 2234 1005 2281 propter
1032 2226 1298 2281 vegetabilia
1326 2233 1370 2268 et
1398 2232 1513 2268 terre
1545 2240 1619 2268 na·

81 2297 249 2337 scencia
281 2297 324 2336 in
361 2296 433 2337 eis.
512 2297 594 2338 Est
627 2297 743 2338 enim
774 2311 878 2352 ager
905 2297 1174 2339 sacionarius
1212 2297 1254 2337 in
1292 2310 1380 2350 quo
1415 2303 1620 2338 seruntur

126 2435 164 2465 13
187 2436 288 2458 nono
308 2427 575 2469 Metaphisiee]
600 2427 682 2459 Met.
700 2427 770 2459 viii.
792 2437 831 2467 14
851 2427 965 2458 ‘verbi
989 2427 1099 2466 gratia
1125 2430 1162 2457 ut
1185 2436 1229 2457 ex
1251 2430 1385 2458 mortuo
1410 2426 1469 2457 fiat
1491 2426 1617 2467 vivum,

77 2483 213 2518 oportet
227 2478 338 2519 primo
356 2480 538 2519 pervenire
554 2481 597 2511 ad
614 2479 801 2519 materiam,
818 2480 943 2511 deinde
958 2480 1000 2510 ad
1017 2479 1153 2520 vivum,'
1170 2478 1193 2511 f.
1210 2479 1265 2511 80.

126 2607 140 2628 1
167 2596 286 2638 docet]
303 2601 417 2637 potest
432 2595 497 2627 FD
675 2607 695 2634 4
720 2601 755 2627 et
771 2595 965 2637 Avicenna]
983 2595 1018 2627 in
1035 2595 1215 2627 Avicenna
1230 2595 1264 2626 F
1371 2599 1406 2626 et
1422 2595 1480 2626 alii
1497 2606 1562 2628 om.
1581 2595 1624 2627 M

79 2660 96 2689 7
126 2648 299 2690 dicentes]
316 2649 471 2681 dicentes
487 2648 531 2679 ibi
550 2648 616 2680 FD
753 2648 846 2690 esse]
865 2653 917 2679 est
933 2648 975 2678 M
1184 2658 1206 2689 9
1231 2648 1337 2679 nichil
1354 2647 1444 2690 ejus]
1462 2648 1569 2680 nichil
1584 2648 1621 2679 D

76 2700 112 2742 a]
130 2701 164 2731 in
180 2701 214 2732 F
386 2711 426 2742 15
445 2700 552 2742 apud]
570 2705 654 2741 aput
669 2700 720 2732 F:
745 2701 787 2732 ab
803 2700 839 2731 D
939 2700 991 2742 in]
1009 2700 1052 2732 de
1067 2700 1103 2732 D
1266 2710 1306 2731 21
1332 2700 1444 2742 libris]
1462 2700 1558 2732 libris
1575 2701 1618 2732 de

82 2753 147 2784 hiis
162 2752 233 2784 DF
374 2755 416 2784 28
440 2753 532 2795 usui]
549 2754 636 2785 visui
654 2753 689 2784 D
842 2763 885 2793 29
909 2752 1108 2795 descendit]
1127 2753 1387 2784 descenduntD
1490 2753 1617 2795 genus]

83 2815 190 2845 agens
202 2805 237 2836 D
370 2816 413 2846 3ο
437 2812 471 2838 et
487 2805 646 2847 propter]
665 2811 806 2846 propter
817 2805 880 2836 FD
1011 2815 1051 2845 31
1077 2805 1253 2847 seruntur]
1271 2811 1391 2838 serunt
1406 2806 1440 2837 F
