1934 3152
98 302 131 333 1⁴⁴.
148 303 186 342 85
205 302 224 332 l)
245 312 271 333 2.

167 586 270 625 4b1.

1043 121 1096 160 14

293 233 359 267 est
395 226 522 267 nobis
557 225 627 267 via
659 239 685 267 a
727 225 1036 266 communibus
1069 224 1125 266 ad
1165 225 1356 279 propria,
1394 230 1438 266 et
1474 238 1500 265 a
1533 223 1751 265 radicibus
1782 222 1840 264 ad

291 309 450 347 ramos,
476 301 520 336 et
548 310 574 336 a
596 294 896 336 fundamentis
923 292 930 348 Ι
957 295 1014 335 ad
1037 300 1194 344 cetera,
1222 300 1266 335 et
1297 308 1324 335 a
1349 293 1547 335 fontibus
1567 293 1632 335 *ad
1665 291 1841 342 rivulos,

292 366 393 407 ideo
425 365 623 407 ordinem
646 364 761 405 hunc
786 363 889 405 volo
918 364 1166 414 observare,
1194 363 1409 419 incipiens
1441 361 1632 418 primoa
1666 362 1840 404 duabus

291 435 511 478 radicibus
533 434 676 476 tocius
699 433 908 475 naturalis
930 433 1222 488 philosophie,
1241 447 1327 487 que
1350 422 1451 475 sunt
1477 432 1623 476 Causa
1647 432 1840 475 efficiens

290 512 333 547 et
358 505 558 554 Materia,
580 517 690 558 quas
713 503 756 544 in
779 503 994 558 principio
1008 503 1161 545 leviter
1183 503 1376 552 notifico,
1398 510 1447 545 ut
1470 504 1648 546 tandem
1672 503 1810 545 lacius
1834 510 1838 558 Ι
1863 518 1882 550 5

290 588 530 630 prosequar
551 587 637 629 que
659 579 849 628 oportet.

353 694 603 750 Capitulum
663 700 731 744 4¹¹¹.
823 693 876 735 de
938 693 1186 735 universali
1242 694 1501 747 exposz'cz'one
1557 695 1730 749 agentis
1798 701 1844 736 et

290 766 481 807 materie.

349 847 453 887 Duo
476 846 610 900 igitur
632 845 911 899 requiruntur
933 845 990 885 ad
1013 844 1355 902 produccionem
1378 844 1638 895 naturalem,
1660 843 1840 898 scilicet,

289 916 479 959 efficiens
514 922 559 957 et
593 915 780 958 materia
818 915 860 956 in
898 928 1032 968 quam
1065 920 1285 968 operatur.
1362 914 1520 970 Agens
1553 914 1686 966 enim,
1716 916 1838 968 quod
1861 937 1903 958 10

288 993 356 1028 est
372 986 577 1038 efficiens,
600 992 869 1028 transmutat
891 985 1134 1036 materiam,
1157 991 1206 1026 ut
1230 985 1343 1039 ignis
1369 991 1639 1027 transmutat
1666 973 1836 1039 lignum

288 1063 332 1098 et
349 1055 549 1098 calefacit
571 1056 715 1110 ipsum
738 1062 782 1097 et
800 1055 1004 1110 producit
1024 1055 1171 1109 ignem
1195 1055 1239 1096 in
1263 1055 1399 1110 ligno,
1416 1055 1596 1106 scilicet,
1609 1054 1837 1097 flammam

289 1132 332 1168 et
373 1127 642 1176 carbonem;
691 1132 734 1167 et
767 1125 831 1167 sol
874 1131 918 1167 et
952 1125 1079 1166 stelle
1117 1125 1320 1167 similiter
1355 1132 1495 1181 agunt
1529 1126 1574 1167 in
1610 1126 1762 1167 omnia
1793 1132 1838 1167 et

286 1203 536 1252 operantur,
560 1204 602 1237 et
627 1196 687 1236 sic
711 1204 777 1238 est
799 1196 856 1237 de
879 1195 1000 1236 omni
1019 1195 1274 1237 substancia
1297 1195 1402 1249 quia
1425 1196 1570 1238 omnis
1587 1196 1838 1238 substancia

286 1273 354 1307 est
368 1267 523 1308 activa.
572 1266 633 1308 Et
646 1272 749 1307 octo
764 1265 1201 1315 accidencia‚scilicet
1221 1264 1368 1314 Calor,
1379 1265 1416 1306 F
1418 1265 1838 1319 rigus‚Humiditas,
1860 1285 1899 1318 15

287 1336 484 1385 Siccitas,
523 1336 640 1384 LuX‚
679 1335 827 1387 Color,
861 1335 1015 1391 Sapor,
1053 1335 1190 1378 Odor.
1269 1335 1340 1377 De
1379 1335 1502 1377 Sono
1539 1337 1724 1378 dubium
1757 1343 1836 1388 est,

286 1408 364 1448 sed
400 1405 575 1448 inferius
612 1412 779 1448 certum
822 1406 915 1447 erit.
997 1405 1132 1461 Quod
1174 1406 1308 1460 igitur
1349 1412 1646 1448 transmutare
1686 1412 1836 1460 potest

285 1476 406 1518 aliud
448 1483 491 1518 et
531 1476 674 1518 facere
715 1475 798 1517 sibi
839 1476 993 1526 simile,
1025 1482 1073 1518 ut
1115 1475 1236 1518 calor
1276 1475 1488 1527 calefacit,
1521 1482 1565 1517 et
1607 1476 1686 1517 lux
1729 1475 1834 1518 facit

286 1546 493 1595 lucidum,
517 1553 562 1588 et
582 1546 644 1588 sic
666 1547 722 1587 de
742 1546 853 1597 aliis,
874 1546 1034 1588 dicitur
1057 1560 1194 1601 agens
1225 1552 1269 1588 et
1302 1545 1509 1588 efficiens.
1572 1545 1706 1600 Quod
1728 1560 1833 1588 vero

285 1617 468 1670 suscipit
489 1617 713 1659 accionem
739 1617 910 1671 agentis
940 1617 982 1657 in
1008 1631 1068 1668 se,
1092 1616 1251 1658 dicitur
1274 1616 1486 1666 materia;
1518 1623 1562 1658 et
1584 1616 1683 1658 ideo
1713 1617 1832 1658 idem
1859 1633 1902 1655 20

286 1693 435 1741 potest
463 1700 559 1728 esse
585 1687 770 1729 materia
799 1694 843 1729 et
872 1687 1076 1738 efficiens,
1100 1692 1303 1740 respectu
1333 1687 1615 1735 diversorum,
1642 1693 1690 1728 ut
1722 1686 1835 1742 ignis

286 1757 378 1810 agit
400 1757 443 1798 in
466 1756 635 1810 lignum
658 1763 702 1798 et
724 1757 854 1798 efficit
876 1757 1081 1808 calidum,
1101 1764 1144 1798 et
1168 1770 1284 1810 aqua
1302 1757 1525 1811 extinguit
1549 1757 1710 1811 ignem.
1759 1755 1834 1798 Sic

286 1835 434 1869 autem
451 1827 641 1868 sumitur
656 1827 841 1869 materia
861 1826 1113 1882 vulgariter.
1168 1827 1313 1868 Aliter
1325 1840 1429 1868 vero
1444 1827 1632 1868 sumitur
1649 1827 1835 1868 materia

287 1912 368 1952 pro
390 1911 443 1939 eo
465 1897 585 1951 quod
608 1910 708 1938 cum
731 1896 874 1938 forma
902 1897 1133 1939 constituit
1166 1897 1481 1950 compositum.
1545 1897 1597 1937 In
1626 1897 1834 1938 omnibus

288 1966 405 2006 enim
434 1964 665 2018 speciebus
695 1964 945 2006 substancie
974 1971 1077 2006 sunt
1110 1964 1296 2005 materia
1327 1970 1371 2005 et
1398 1964 1550 2014 forma,
1572 1964 1685 2006 sicut
1717 1964 1832 2005 enim
1856 1981 1896 2015 25

286 2035 439 2078 tabula
461 2041 504 2076 et
528 2034 699 2088 pictura
727 2034 892 2076 faciunt
920 2035 1142 2087 quoddam
1174 2035 1469 2088 compositum
1503 2033 1741 2083 artificiale,
1771 2034 1833 2076 sic

287 2107 330 2147 in
354 2104 628 2147 naturalibus
651 2110 717 2146 est
738 2104 918 2158 aliquod
941 2103 1351 2158 subjectum2velud
1374 2088 1538 2153 tabula,
1563 2110 1607 2145 et
1628 2104 1746 2146 aliud
1769 2104 1833 2144 in-

286 2175 480 2216 formans
494 2174 613 2225 illud,
629 2173 759 2216 velud
777 2174 960 2228 pictura,
980 2181 1028 2216 ut
1046 2175 1089 2214 in
1109 2174 1288 2216 homine
1301 2174 1448 2229 gracia
1462 2173 1674 2228 exempli,
1687 2173 1833 2215 anima

286 2252 353 2286 est
374 2245 527 2292 forma,
550 2257 708 2297 corpus
743 2244 939 2286 materia.
1003 2244 1107 2286 Duo
1135 2245 1252 2285 enirn
1282 2244 1448 2286 faciunt
1472 2244 1670 2296 tercium,
1695 2256 1829 2285 unum

287 2321 353 2356 est
390 2314 729 2356 fundamentum
767 2320 811 2355 et
847 2313 976 2356 vilius
1012 2321 1060 2356 ut
1093 2314 1288 2363 materia,
1321 2314 1441 2356 aliud
1484 2320 1550 2355 est
1593 2312 1741 2355 nobile
1781 2320 1830 2355 ut
1851 2329 1895 2361 30

287 2383 440 2434 forma,
484 2389 528 2426 et
563 2384 624 2425 sic
662 2384 845 2426 materia
880 2390 946 2426 est
979 2383 1098 2426 aliud
1134 2398 1213 2438 per
1250 2384 1491 2426 essenciam
1525 2398 1551 2425 a
1588 2380 1729 2426 forma
1771 2397 1829 2424 ex

285 2453 443 2506 quibus
485 2460 633 2494 tamen
675 2453 785 2495 fiunt
834 2468 988 2495 omnes
1028 2453 1290 2496 substancie.
1372 2454 1561 2495 Materia
1602 2453 1719 2494 enim
1764 2459 1830 2494 est

284 2523 535 2564 substancia
573 2536 658 2576 que
694 2522 843 2565 differt
885 2538 962 2578 per
1003 2524 1243 2566 essenciam
1281 2524 1338 2565 ab
1382 2523 1502 2566 omni
1544 2522 1828 2564 substanciali

329 2636 348 2655 2
373 2624 517 2666 rivulos]
535 2625 662 2657 rivolos
678 2625 713 2655 D
854 2627 876 2656 6
891 2626 973 2668 que]
991 2627 1082 2667 quod
1099 2626 1164 2657 FD
1307 2627 1370 2667 7-8
1395 2627 1447 2657 De
1463 2649 1471 2657 .
1492 2651 1498 2658 .
1518 2649 1526 2657 .
1547 2624 1691 2656 Materie
1707 2634 1775 2656 om.
1794 2625 1830 2656 D

284 2677 361 2707 haec
377 2676 470 2708 verba
486 2677 564 2708 add.
582 2678 616 2708 F
625 2688 691 2717 que
708 2683 786 2709 sunt
805 2679 937 2710 radices
960 2680 1189 2719 cognoscendi
1215 2679 1381 2711 naturalia
1404 2689 1469 2719 que
1487 2688 1531 2709 ex
1548 2677 1614 2709 hiis
1630 2677 1828 2718 dependent

284 2739 304 2765 o
330 2729 447 2770 igitur]
469 2740 553 2769 ergo
569 2730 618 2761 F:
641 2740 723 2761 vero
740 2729 776 2760 D
889 2741 925 2762 11
953 2731 1146 2773 materiam]
1164 2737 1323 2763 naturam
1340 2731 1374 2762 F
1483 2741 1522 2771 13
1544 2729 1596 2761 sol
1613 2729 1664 2772 et]
1682 2730 1784 2762 solae
1800 2730 1834 2761 F

287 2791 324 2819 15
350 2780 460 2812 activa
477 2787 510 2812 et
528 2787 605 2813 octo
618 2793 685 2815 om.
702 2782 735 2813 F
784 2793 829 2823 23
851 2794 932 2814 vero
949 2795 1015 2815 om.
1036 2783 1071 2814 D
1128 2795 1168 2824 27
1193 2784 1311 2826 velud]
1324 2785 1412 2815 sicut
1425 2783 1460 2815 D
1505 2794 1549 2823 30
1564 2783 1671 2825 aliud]
1686 2787 1720 2815 et
1735 2784 1826 2815 aliud

283 2832 348 2863 FD
405 2833 536 2874 nobile]
554 2834 693 2866 nobilius
708 2835 772 2866 FD
847 2846 955 2876 30-31
975 2841 1027 2868 est
1042 2837 1156 2868 nobile
1171 2862 1178 2869 .
1195 2861 1202 2868 .
1222 2836 1439 2869 .aliud1'terat
1454 2836 1488 2868 F
1553 2845 1595 2874 32
1612 2835 1703 2867 enim
1716 2846 1782 2869 om.
1799 2836 1833 2867 F
