1934 3152
87 591 182 633 1⁴:⁸9
199 592 220 621 b
242 599 270 622 1.

149 1564 269 1605 ¹4b¹·

1041 127 1098 172 54

292 237 535 292 positorum
557 235 654 288 erit,
676 235 886 291 quoniam
913 234 1210 290 compositum
1233 248 1322 277 non
1343 234 1477 277 habet
1500 234 1833 277 nisi-materiam

291 313 334 349 et
361 306 564 349 formam.
1444 354 1448 356 ,
1682 297 1686 300 ’

350 377 563 419 Similiter
585 375 664 418 erit
687 390 712 416 a
734 381 859 429 parte
882 375 1066 417 materie
1089 388 1226 416 unum
1248 381 1382 429 caput
1403 375 1607 429 generale
1628 374 1835 416 omnibus

293 447 487 488 materiis
518 445 880 501 compositorum,
911 450 956 486 et
986 444 1072 486 hoc
1103 445 1292 499 probant
1321 458 1473 486 omnes
1502 446 1698 487 raciones
1720 458 1835 485 nunc

290 518 409 559 dicte
456 518 513 559 de
563 515 706 557 forma
756 522 903 570 preter
954 514 1171 566 ultimam,
1212 514 1398 557 heedem
1440 515 1557 556 enim
1611 522 1713 556 sunt
1754 528 1872 570 pro5

291 587 475 628 materia
503 585 509 643 Ι
535 586 648 628 sicut
678 599 758 639 pro
787 584 942 626 forma.
1005 585 1067 627 Et
1095 585 1275 627 additur
1303 586 1422 639 quod
1452 585 1488 626 si
1518 585 1700 627 materia
1732 598 1834 639 pro-

290 658 383 712 pria
420 657 675 712 appropriat
712 655 899 696 formam
938 662 982 696 et
1019 668 1043 696 e
1079 668 1303 705 converso,
1340 661 1388 697 ut
1424 654 1693 697 Aristoteles
1729 667 1834 708 sepe

290 728 409 778 dicit,
438 734 542 769 tunc
573 725 754 767 materia
784 725 1032 766 communis
1060 725 1345 779 respondebit
1376 725 1516 767 forme
1543 725 1767 767 communi
1790 731 1834 766 et

289 812 312 838 e
349 810 575 846 converso,
608 802 651 836 et
687 794 790 837 ideo
826 795 938 836 sicut
976 801 1042 837 est
1079 807 1166 836 una
1202 794 1344 837 forma
1380 795 1739 837 communissima
1776 794 1833 836 ad

290 880 444 908 omnes
491 865 655 907 formas
702 865 1054 906 substanciarum
1104 865 1463 919 compositarum,
1502 865 1564 906 sic
1615 865 1700 909 erit
1747 877 1834 905 una
1857 876 1896 900 10

291 936 476 979 materia
523 935 886 978 communissima
932 936 989 976 ad
1032 948 1185 977 omnes
1234 935 1441 977 materias
1481 927 1833 976 substanciarum

290 1006 649 1061 compositarum,
701 1012 745 1048 et
798 1005 999 1059 specialis
1051 1005 1236 1047 materia
1286 1005 1375 1047 sive
1425 1004 1641 1060 specifica,
1693 1005 1833 1047 forme

288 1075 502 1132 specifice.

352 1243 600 1299 Capitulum
634 1250 703 1299 3¹¹¹.
731 1244 778 1285 iu
814 1257 894 1297 qno
931 1244 1072 1297 magis
1094 1241 1309 1297 probatur
1336 1244 1626 1285 communitas
1656 1244 1836 1285 materie

278 1322 360 1367 per
383 1315 576 1356 raciones
590 1313 889 1368 particulares.
1856 1317 1893 1349 Ῑ5

349 1417 437 1460 Sed
460 1418 541 1460 hec
563 1419 860 1460 communitas
889 1432 936 1459 se
959 1418 1123 1460 cercius
1151 1418 1306 1473 aperiri
1339 1425 1487 1473 potest
1519 1432 1598 1474 per
1627 1417 1831 1473 reproba-
1933 1405 1934 1460 l

290 1489 462 1529 cionem
495 1488 678 1530 unitatis
711 1488 948 1529 materialis
979 1503 1064 1542 que
1095 1488 1328 1530 ascribitur
1361 1489 1554 1536 materie,
1588 1495 1631 1530 et
1657 1501 1746 1542 quo
1773 1488 1830 1529 ad

291 1559 384 1613 ejus
417 1558 657 1600 essenciam
690 1572 777 1599 non
810 1557 858 1600 fit
894 1559 1071 1601 addicio
1108 1559 1358 1600 differencie
1385 1560 1388 1612 ί
1417 1558 1604 1613 alicujus
1635 1565 1680 1600 et
1711 1572 1831 1600 com-

289 1628 512 1682 plementi‚
538 1629 615 1670 sed
653 1629 772 1683 quod
805 1629 947 1669 solum
979 1628 1154 1670 addicio
1186 1628 1263 1670 fiat
1295 1629 1337 1669 in
1368 1628 1577 1682 gradibus
1610 1627 1761 1679 forme,
1783 1633 1831 1668 ut

288 1712 314 1739 a
345 1698 675 1751 generalissima
706 1704 831 1739 eatur
861 1699 917 1739 ad
956 1698 1314 1752 specialissimam
1348 1698 1537 1740 sormam
1570 1712 1646 1752 per
1676 1711 1831 1739 omnes
1852 1712 1892 1734 20

289 1767 561 1809 differencias
590 1767 758 1809 medias
788 1769 901 1809 inter
922 1767 1283 1822 specialissimam
1312 1774 1355 1810 et
1376 1767 1764 1822 generalissimam,
1787 1774 1832 1809 et

290 1851 376 1878 non
407 1838 469 1879 sic
491 1852 517 1879 a
539 1845 664 1892 parte
694 1838 890 1880 materie.
955 1838 1123 1880 Omnes
1151 1839 1266 1879 enim
1300 1838 1374 1892 qui
1405 1845 1567 1892 negant
1600 1838 1831 1880 materiam

289 1921 382 1948 esse
424 1922 706 1949 communem
746 1909 898 1949 dicunt
938 1907 1036 1959 hoc,
1073 1909 1176 1963 quia
1213 1914 1381 1962 ponunt
1422 1922 1520 1949 earn
1562 1921 1658 1949 esse
1698 1921 1830 1949 unam

288 1990 471 2019 numero
497 1978 541 2018 in
570 1978 775 2019 omnibus
802 1978 1070 2032 compositis,
1093 1985 1135 2020 et
1164 1979 1283 2032 quod
1309 1972 1567 2031 ejus‘unjtas
1598 1976 1832 2019 numeralis

288 2054 376 2088 stat
398 2061 498 2088 cum
521 2049 641 2090 omni
663 2049 915 2090 diversitate
938 2048 1175 2089 formarum
1204 2054 1249 2089 et
1271 2049 1617 2102 compositorum
1640 2053 1685 2089 et
1709 2048 1830 2101 quod
1852 2061 1889 2093 25

289 2117 382 2170 ejus
405 2118 596 2160 essencie
617 2107 769 2173 prime,
792 2125 840 2160 ut
871 2125 938 2160 est
960 2119 1002 2159 in
1026 2118 1275 2172 composito
1304 2119 1460 2173 primo,
1482 2116 1612 2159 nichil
1634 2117 1829 2159 additur.

291 2188 485 2229 Probato
508 2188 642 2242 igitur
670 2189 790 2241 quod
814 2202 900 2229 non
923 2196 988 2229 est
1011 2201 1097 2228 una
1123 2201 1305 2229 numero
1332 2188 1375 2228 in
1402 2187 1612 2241 pluribus,
1640 2194 1685 2229 et
1709 2187 1829 2241 quod

288 2258 477 2299 addatur
497 2259 553 2299 ad
577 2272 674 2300 eam
697 2259 752 2299 de
775 2259 979 2300 omnibus
1008 2258 1268 2300 differenciis
1295 2258 1451 2299 mediis
1475 2272 1612 2312 usque
1632 2257 1831 2299 veniatur

289 2327 344 2367 ad
384 2327 583 2369 ultimam
622 2328 852 2370 materiam
889 2328 1262 2383 specialissimam,
1299 2328 1411 2370 sicut
1448 2328 1490 2368 in
1527 2327 1669 2369 forma
1704 2333 1749 2368 et
1785 2326 1829 2366 in

288 2398 546 2452 composito,
569 2398 648 2439 erit
670 2398 818 2452 aliqua
841 2399 1022 2440 materia
1051 2398 1297 2440 communis
1317 2397 1532 2452 specifica,
1555 2396 1666 2438 sicut
1687 2396 1828 2437 forma
1847 2413 1890 2446 30

289 2473 333 2507 et
369 2468 680 2521 compositum,
716 2475 759 2509 et
795 2468 943 2522 aliqua
981 2467 1340 2509 communissima
1377 2473 1420 2508 et
1461 2472 1592 2519 caput
1629 2466 1828 2506 omnium

290 2537 582 2586 materiarum,
623 2538 735 2579 sicut
777 2538 925 2591 aliqua
967 2544 1033 2579 est
1075 2537 1216 2579 forma
1257 2543 1457 2590 respectu
1495 2535 1745 2583 formarum,
1784 2543 1828 2577 et

337 2637 375 2657 10
398 2627 684 2669 substanciarum]
702 2628 948 2660 substanciales
964 2628 998 2659 F
1236 2637 1342 2667 12—13
1367 2632 1401 2658 et
1417 2651 1425 2658 .
1446 2650 1453 2657 .
1473 2651 1480 2659 .
1499 2626 1662 2667 specifice
1679 2636 1745 2658 om.
1765 2626 1828 2657 FD

295 2688 397 2718 14-15
423 2680 456 2710 in
475 2705 481 2711 .
499 2704 507 2711 .
529 2704 535 2711 .
554 2681 776 2720 particulares
794 2692 861 2712 om.
878 2681 912 2711 D
1013 2691 1051 2721 15
1076 2681 1248 2723 raciones]
1266 2679 1424 2711 raciones
1441 2680 1548 2719 magis
1565 2679 1597 2710 F
1693 2680 1732 2709 16
1757 2679 1828 2710 Sed

289 2742 354 2762 om.
368 2731 402 2761 D
476 2742 513 2763 se
528 2733 674 2774 cercius]
693 2744 725 2773 ξς
737 2734 869 2764 cercius
882 2733 923 2764 F:
951 2734 1106 2764 securius
1122 2732 1156 2763 D
1231 2742 1268 2771 17
1293 2742 1360 2772 quo
1377 2732 1436 2773 ad]
1455 2733 1544 2772 quod
1562 2732 1603 2763 ad
1617 2731 1666 2762 F:
1689 2732 1779 2771 quod
1794 2731 1828 2762 D

293 2784 331 2813 18
354 2784 613 2826 complementi]
631 2785 881 2825 complemento
898 2785 931 2815 F
1030 2795 1071 2825 19
1093 2785 1183 2825 quod
1201 2795 1268 2816 om.
1286 2784 1321 2814 D
1402 2794 1443 2823 24
1468 2784 1594 2826 unitas]
1614 2784 1725 2815 unitas
1741 2784 1775 2815 in
1794 2783 1829 2814 D

289 2848 331 2878 29
353 2839 647 2881 specialissimam]
665 2841 860 2881 specificam
873 2840 936 2872 FD
980 2840 1038 2872 alt.
1054 2841 1087 2871 in
1100 2850 1166 2871 om.
1180 2840 1212 2871 F
1268 2849 1312 2880 30
1334 2837 1510 2880 specifica]
1526 2839 1756 2880 specificanda
1766 2839 1828 2870 FD
