1934 3152
132 1058 256 1081 21a2.

1031 77 1086 117 80

282 195 467 237 materia
487 194 878 250 complementum,
901 206 977 233 seu
1001 206 1088 246 que
1110 192 1294 247 expedit
1316 199 1360 234 et
1376 192 1832 249 disponitssmateriam

281 271 330 307 ut
351 266 490 321 possit
512 265 703 320 recipere
725 277 851 305 suam
874 262 1210 317 perfeccionem.
1274 262 1450 309 Dicitur
1466 263 1606 305 eciam
1629 264 1834 318 potencia

280 336 453 392 passiva
494 349 574 391 per
615 333 918 377 exclusionem
962 333 1168 388 potencie
1209 333 1441 388 receptive,
1484 334 1589 388 quia
1629 334 1833 388 pbtencie

278 407 499 461 receptive
533 404 771 460 respondet
809 404 940 445 dator
975 402 1219 445 formarum
1263 402 1320 444 ab
1363 408 1503 454 extra,
1540 409 1590 445 ut
1627 404 1832 458 potencia

278 477 425 518 anime
456 475 664 517 sensitive
696 479 897 528 respectu
931 473 1080 515 anime
1119 472 1403 525 intellective,
1430 480 1474 515 et
1506 474 1713 529 potencia
1748 474 1832 516 loci
1855 490 1873 522 5

277 552 476 602 respectu
499 546 645 587 locati.
708 543 787 586 Set
816 544 898 585 hec
926 557 1016 585 non
1043 549 1111 585 est
1136 543 1253 595 talis,
1279 543 1490 597 quoniam
1519 543 1599 584 hec
1628 545 1834 599 potencia

276 617 462 671 expedit
503 622 546 657 et
588 615 785 670 disponit
826 614 1069 655 essenciam
1121 613 1323 669 principii
1371 613 1624 663 materialis,
1665 621 1717 656 ut
1759 614 1832 656 illa

277 693 508 728 moveatur
529 686 573 726 in
595 685 857 740 principium
876 684 1072 732 formale,
1092 691 1138 726 et
1160 683 1239 725 fiat
1257 683 1366 725 illud
1383 697 1462 739 per
1477 684 1828 739 generacionem,

276 764 324 799 ut
348 770 436 798 non
458 756 639 811 recipiat
662 755 770 797 illud
791 755 848 797 ab
870 760 1011 796 extra.
1074 753 1155 796 Set
1177 754 1303 796 aliter
1325 761 1391 796 est
1415 754 1621 809 privacio,
1651 753 1828 805 scilicet,

275 840 362 881 que
384 826 502 868 elicit
534 832 682 868 actum
706 825 958 881 appetendi,
981 825 1025 867 id
1049 831 1131 876 est,
1153 825 1338 880 appetit,
1360 830 1405 866 et
1433 823 1514 865 hec
1537 831 1605 866 est
1637 826 1831 880 essen-cia
1857 839 1898 863 10

276 898 475 952 principii
514 896 766 938 materialis.
829 895 1054 950 Quoniam
1098 895 1308 944 essencia‚
1350 895 1615 946 substancia,
1658 902 1830 946 natura,

275 967 494 1022 potencia,
530 967 684 1017 virtus,
728 966 844 1008 idem
889 972 992 1007 sunt
1035 979 1080 1007 re
1112 971 1156 1006 et
1198 963 1417 1017 absolute,
1455 971 1522 1006 set
1563 966 1745 1008 nomine
1786 974 1829 1008 et

276 1037 494 1079 relacione
516 1036 736 1079 differunt.
801 1036 1012 1077 Essencia
1040 1036 1100 1077 rei
1132 1035 1366 1090 cujuslibet
1394 1033 1400 1091 Ι
1428 1041 1621 1087 vocatur,
1644 1042 1692 1077 ut
1717 1036 1762 1077 in
1784 1051 1832 1078 se

278 1108 593 1158 consideratur,
626 1106 808 1149 exclusa
840 1107 960 1148 omni
993 1107 1332 1161 comparacione
1364 1106 1421 1147 ad
1453 1105 1658 1148 accidens
1701 1111 1744 1147 et
1775 1107 1832 1148 ad

275 1178 600 1233 operacionem,
638 1178 719 1219 nisi
753 1177 959 1219 volumus
1001 1189 1166 1232 ponere
1207 1175 1591 1232 comparacionem
1624 1176 1680 1218 ad
1723 1190 1832 1219 esse.
1856 1187 1894 1219 15

279 1248 546 1290 Substancia
587 1248 747 1289 dicitur
789 1248 945 1288 eadem
989 1247 1064 1288 illa
1106 1260 1174 1288 res
1215 1259 1294 1301 per
1338 1246 1722 1301 comparacionem
1774 1247 1830 1288 ad

278 1318 494 1368 accidens,
517 1318 585 1359 cui
617 1318 790 1360 substat
819 1323 988 1366 natura,
1010 1317 1231 1372 potencia,
1259 1317 1410 1365 virtus,
1439 1323 1651 1371 potestas,
1681 1323 1725 1359 et
1756 1317 1833 1367 vis,

277 1402 357 1443 per
387 1388 773 1443 comparacionem
796 1389 852 1429 ad
885 1388 1222 1442 operacionem;
1254 1393 1321 1428 set
1352 1392 1524 1437 natura,
1555 1393 1603 1428 ut
1636 1392 1702 1429 est
1728 1392 1834 1442 apta

280 1466 386 1501 nata
407 1472 551 1514 agere,
573 1459 779 1513 potencia
801 1464 844 1500 et
866 1459 1003 1500 virtus
1020 1464 1064 1499 et
1081 1458 1146 1499 vis
1168 1464 1212 1499 et
1234 1463 1431 1512 potestas
1455 1464 1504 1499 ut
1526 1457 1744 1512 possibilis
1767 1464 1833 1499 est

281 1542 426 1584 agere.
491 1529 551 1570 Et
573 1529 778 1584 potencia
803 1535 847 1570 et
872 1534 1070 1583 potestas
1092 1527 1251 1569 dicitur
1272 1527 1381 1568 citra
1407 1526 1614 1569 ultimum
1636 1527 1832 1582 comple·
1854 1536 1894 1559 20

281 1604 483 1641 mentum
515 1599 688 1653 agendi,
712 1599 852 1640 virtus
884 1612 988 1639 vero
1017 1605 1061 1639 et
1087 1598 1152 1639 vis
1186 1604 1253 1640 est
1286 1597 1493 1639 ultimum
1526 1598 1583 1639 de
1608 1598 1832 1653 potencia,

281 1684 358 1712 seu
400 1669 605 1724 potencia
645 1668 863 1719 ultimata,
894 1668 1138 1710 secundum
1180 1667 1301 1722 quod
1339 1667 1611 1710 Aristoteles
1643 1667 1751 1710 dicit
1789 1668 1832 1709 in

283 1740 428 1795 primo
454 1738 545 1781 Celz'
563 1747 607 1781 et
625 1738 807 1781 Mundi.

343 1809 555 1852 Essencia
581 1823 686 1850 vero
715 1808 897 1850 materie
929 1808 1088 1849 dicitur
1118 1807 1324 1861 potencia
1357 1820 1435 1848 sua
1468 1806 1712 1848 essentialis
1745 1822 1832 1862 que

283 1881 455 1935 appetit
476 1893 606 1921 suurn
636 1879 1027 1934 complementum.
1093 1877 1173 1920 Set
1201 1878 1408 1933 potencia
1435 1884 1479 1919 et
1508 1877 1701 1932 privacio
1728 1884 1831 1920 sunt
1855 1892 1893 1924 25

282 1951 416 2001 idem,
437 1956 482 1992 et
504 1951 649 2004 primo
679 1950 811 1991 modo
834 1955 877 1991 et
907 1950 1115 2000 secundo,
1135 1955 1179 1991 et
1201 1949 1301 1990 ideo
1330 1948 1525 2002 privacio
1546 1947 1626 1990 hec
1655 1962 1743 1990 non
1765 1955 1831 1990 est

284 2021 365 2062 nisi
389 2020 584 2062 essencia
607 2020 792 2062 materie
813 2020 985 2074 privata
1007 2026 1052 2061 et
1073 2032 1226 2062 carens
1253 2018 1594 2073 complemento,
1615 2025 1830 2073 appetens

283 2091 390 2133 illud
421 2092 533 2134 sicut
561 2091 717 2132 mulier
741 2091 884 2132 virum
918 2096 962 2132 et
996 2096 1125 2145 turpe
1160 2090 1342 2140 bonum,
1364 2095 1408 2130 et
1435 2089 1536 2130 ideo
1568 2088 1761 2144 privacio
1788 2096 1831 2130 et

284 2161 490 2217 potencia
525 2161 659 2216 priori
699 2161 833 2202 modo
871 2166 973 2202 sunt
1004 2159 1256 2201 accidencia
1287 2158 1525 2213 privacioni
1561 2159 1647 2200 isto
1681 2159 1831 2209 modo,

284 2239 328 2274 et
349 2232 430 2274 hec
460 2232 504 2272 in
533 2231 728 2273 secundo
758 2232 895 2272 modo
926 2230 1099 2285 appetit
1129 2228 1517 2283 complementum,
1540 2233 1584 2270 et
1617 2229 1660 2270 in
1688 2228 1832 2283 primo
1852 2240 1894 2272 30

287 2304 422 2345 modo
445 2309 513 2344 est
534 2316 624 2355 quo
647 2301 885 2356 expeditur
905 2300 1143 2356 appetitUS,
1162 2305 1205 2340 et
1222 2299 1284 2341 sic
1306 2299 1500 2354 privacio
1517 2309 1692 2354 semper
1714 2299 1832 2341 cadit

330 2416 372 2446 23
395 2408 517 2442 primo
535 2407 615 2437 Geli
633 2409 670 2437 et
687 2404 842 2446 Mundj]
859 2406 879 2436 1.
898 2405 918 2446 i,
938 2415 966 2436 c.
988 2406 1059 2436 116.

331 2506 344 2526 1
372 2496 450 2538 seu]
468 2507 506 2527 se
522 2496 557 2527 D
734 2496 755 2525 8
780 2494 974 2536 moveatur]
992 2499 1233 2535 promoveatur
1249 2492 1315 2524 FD
1470 2502 1492 2532 9
1517 2490 1585 2532 est]
1604 2491 1750 2522 sumitur
1765 2490 1830 2522 FD

292 2559 329 2581 10
352 2549 434 2591 que]
452 2560 519 2589 que
538 2559 607 2580 non
626 2549 660 2579 D
907 2557 942 2578 11
970 2546 1105 2589 natura]
1124 2552 1159 2578 et
1175 2546 1240 2577 FD
1483 2553 1521 2574 12
1547 2542 1600 2585 re]
1618 2553 1694 2575 cum
1713 2554 1750 2574 re
1765 2543 1831 2574 FD

289 2612 328 2640 13
353 2601 529 2643 differunt]
547 2601 642 2633 Haec
656 2601 752 2633 verba
769 2599 846 2632 add.
864 2600 899 2630 D
918 2600 1006 2631 sicut
1030 2604 1190 2641 preterea
1213 2597 1442 2630 declarabitur
1460 2607 1521 2628 suo
1544 2595 1619 2627 loco
1642 2596 1685 2627 de
1709 2596 1773 2627 hoc
1794 2596 1830 2628 in

287 2658 430 2685 tractatu
448 2654 500 2686 De
516 2653 686 2695 Speciebus
704 2653 737 2684 in
756 2653 925 2693 principio
1105 2661 1212 2692 13-23
1236 2650 1402 2683 Essencia
1418 2649 1465 2680 rei
1482 2673 1489 2681 .
1511 2672 1519 2680 .
1538 2671 1546 2679 .
1566 2647 1640 2680 Celi
1657 2652 1691 2679 et
1710 2647 1830 2679 Mundi

285 2716 351 2737 om.
372 2706 437 2736 FD
660 2715 700 2744 24
724 2704 825 2746 vero]
843 2715 926 2745 ergo
944 2704 1009 2735 FD
1232 2713 1274 2743 25
1299 2700 1605 2743 complementum]
1623 2700 1829 2740 completum

286 2758 403 2799 ubique
419 2759 454 2789 D
606 2759 649 2788 26
672 2757 753 2798 hec]
772 2757 824 2788 hic
841 2757 906 2787 FD
1057 2766 1101 2796 29
1124 2755 1310 2796 privacioni
1327 2765 1395 2786 om.
1414 2753 1449 2784 D
1601 2763 1644 2793 30
1668 2752 1747 2794 hec]
1765 2753 1829 2785 hee

286 2815 339 2842 est
356 2810 390 2840 D
480 2810 530 2851 et]
548 2815 583 2841 ut
601 2810 665 2841 FD
