1934 3152
839 135 891 179 73

88 240 264 295 cipium‚
297 246 362 281 est
384 246 636 281 extremum
659 253 759 280 cum
781 239 1032 293 privacione
1060 244 1103 278 et
1133 242 1199 278 est
1231 237 1457 290 quoddam
1474 249 1627 290 genus,

88 318 135 351 ut
169 309 371 351 habitum
409 315 501 359 θεῖς
537 314 579 350 θῖ
616 322 758 362 genus
794 321 881 349 non
924 314 990 348 θεῖ
1028 307 1070 347 in
1107 307 1311 360 potencia
1342 305 1425 345 nisi
1456 306 1513 346 ad
1544 305 1627 346 dif-

89 378 297 420 ferencias
319 377 557 431 specificas,
583 384 687 418 tunc
720 383 844 431 patet
870 377 990 430 quod
1020 375 1179 430 requiri
1205 375 1340 416 debet
1364 374 1625 429 principium

90 447 272 489 formale
288 461 313 488 a
335 454 462 502 parte
484 446 849 488 differenciarum.
897 445 1280 498 Sciendumigitur
1305 445 1427 498 quod
1442 450 1628 496 utraque

49 539 66 570 5
89 517 342 558 indifferens
375 522 440 557 est
473 517 527 557 ad
552 516 979 562 transmutacionem‚
1002 514 1211 568 quoniam
1243 526 1358 554 nunc
1387 525 1486 561 una,
1513 525 1627 553 nunc

87 586 184 637 alia,
222 586 517 639 corrumpitur
562 591 605 626 et
646 591 889 640 generatur,
930 591 975 625 et
1011 584 1110 625 ideo
1144 581 1328 624 formale
1365 581 1624 635 principium

89 659 236 709 potest
267 655 352 697 dici
389 655 593 697 absolute
630 654 738 696 illud
775 655 894 708 quod
936 654 1070 695 habet
1106 651 1303 707 generari
1336 658 1381 693 et
1414 652 1625 699 renovari,

91 725 208 779 quod
233 731 299 767 est
320 738 554 767 commune
579 725 749 778 utrique
771 722 1029 765 differencie.
1095 723 1155 763 Et
1170 728 1275 762 tunc
1292 721 1407 763 istud
1425 720 1627 762 absolute

87 795 147 835 sic
184 799 411 847 sumptum
449 801 493 836 et
527 794 570 834 in
611 794 844 841 communi,
880 799 946 833 est
980 804 1213 833 commune
1247 790 1452 831 omnibus
1476 789 1627 831 formis

27 884 66 906 10
89 863 378 917 generalibus,
420 864 522 917 quia
563 863 771 905 dividitur
815 864 857 903 in
900 862 1211 903 elementarem
1254 867 1455 902 naturam
1498 865 1542 900 et
1583 858 1627 899 in

91 933 292 975 mixtam.
356 932 503 975 Omne
520 934 634 974 enim
653 933 773 986 quod
792 939 945 974 natum
962 938 1028 972 est
1050 930 1247 972 renovari
1265 930 1376 971 circa
1394 928 1625 969 materiam

89 1003 277 1056 primam
301 1009 345 1044 et
368 1016 466 1043 eam
494 1002 704 1057 perficere
726 1009 792 1043 est
822 1001 1011 1042 mixtum
1041 1000 1110 1041 vel
1139 1000 1420 1040 elementum.
1484 997 1544 1039 Et
1565 997 1627 1038 sic

89 1071 338 1113 differencie
379 1072 583 1125 opposite
618 1071 688 1112 hic
719 1085 807 1112 non
839 1076 1011 1125 ponunt
1044 1070 1088 1110 in
1121 1082 1365 1116 numerum,
1401 1073 1468 1108 set
1505 1066 1626 1108 redu-

89 1148 245 1183 cuntur
281 1142 337 1183 ad
370 1155 506 1182 unum
541 1141 801 1195 principium
839 1139 1022 1181 formale
1054 1150 1301 1187 commune,
1333 1141 1377 1178 et
1407 1135 1507 1177 licet
1538 1148 1625 1176 non

27 1230 65 1262 15
90 1210 254 1252 habent
297 1224 432 1252 unum
474 1224 570 1252 esse
611 1210 799 1264 speciale
837 1216 880 1250 et
912 1209 1149 1263 proprium,
1177 1213 1326 1261 potest
1359 1211 1508 1246 tamen
1539 1204 1626 1245 dici

88 1279 230 1321 forma
262 1279 522 1321 renovabilis
564 1280 676 1322 circa
708 1279 936 1321 materiam
978 1276 1236 1318 naturalem.
1320 1275 1380 1316 Et
1416 1275 1477 1315 sic
1509 1273 1625 1328 prin-

87 1350 250 1404 cipium
261 1349 444 1390 formale
462 1355 529 1391 est
545 1363 779 1392 commune
794 1349 997 1390 omnibus
1014 1344 1339 1402 generabilibus
1355 1343 1624 1399 principiatis

86 1434 165 1461 suo
180 1420 328 1470 modo,
344 1420 455 1461 sicut
473 1419 710 1470 materiale,
724 1419 827 1473 quia
849 1418 1061 1473 principia
1083 1417 1245 1458 debent
1261 1428 1356 1455 esse
1372 1412 1624 1455 communia

89 1488 373 1543 principiatis.
436 1489 496 1530 Et
527 1496 693 1538 tamen,
714 1489 749 1529 εἰ
779 1488 994 1538 volumus,
1017 1499 1251 1541 possumus
1276 1483 1282 1539 Ι
1311 1483 1438 1525 aliter
1467 1483 1623 1535 dicere,

26 1579 65 1600 20
89 1558 268 1607 scilicet,
310 1559 429 1612 quod
471 1559 609 1600 altera
660 1558 1009 1600 differenciarum
1043 1561 1218 1598 tantum
1264 1560 1330 1596 est
1361 1552 1622 1607 principium

91 1626 289 1679 formale,
325 1628 502 1678 scilicet,
535 1628 609 1670 illa
645 1642 731 1682 que
768 1635 835 1669 est
872 1627 1072 1677 nobilior,
1110 1631 1153 1666 et
1185 1638 1318 1678 quam
1352 1629 1509 1664 natura
1561 1623 1624 1663 in-

90 1698 234 1739 tendit
275 1697 574 1752 principaliter
604 1712 682 1752 per
726 1697 1073 1752 generacionem.
1139 1695 1271 1736 Hanc
1303 1694 1420 1734 enim
1453 1692 1624 1746 appetit

86 1767 269 1809 materia
292 1767 503 1808 naturalis
521 1768 663 1821 primo
686 1774 729 1809 et
753 1781 831 1821 per
852 1781 911 1817 se,
934 1773 978 1808 et
995 1779 1170 1807 necesse
1192 1770 1259 1806 est
1280 1776 1359 1818 per
1373 1762 1556 1803 tercium
1579 1768 1623 1802 et

85 1851 250 1879 nonum
277 1837 595 1891 Methaplzz'sice
622 1838 741 1892 quod
770 1838 812 1877 in
840 1836 960 1877 omni
987 1849 1147 1890 genere
1175 1835 1232 1876 sit
1259 1847 1346 1874 una
1374 1830 1624 1873 differencia

27 1924 64 1956 25
86 1907 287 1961 specifica
326 1908 515 1949 nobilior
547 1907 697 1959 altera,
731 1913 776 1949 et
811 1907 951 1960 magis
991 1905 1156 1947 habens
1192 1905 1248 1945 de
1290 1900 1543 1944 actualitate
1579 1906 1624 1941 et

89 1978 259 2019 unitate
313 1979 496 2031 generis,
541 1984 585 2019 et
629 1976 828 2018 similiter
879 1989 966 2017 una
1009 1975 1187 2029 species,
1229 1980 1272 2014 et
1326 1985 1462 2012 unum
1518 1981 1621 2011 con—

85 2047 329 2088 trariorum.
382 2047 442 2088 Et
465 2047 508 2087 in
534 2047 619 2088 isto
651 2046 747 2087 loco
770 2051 836 2086 est
863 2052 1014 2087 natura
1043 2044 1170 2085 mixti
1197 2042 1405 2097 quoniam
1439 2039 1622 2081 materia

86 2115 297 2158 naturalis
323 2123 390 2158 est
412 2117 455 2157 in
477 2116 683 2169 potencia
704 2116 760 2157 ad
779 2115 1008 2156 materiam
1025 2113 1336 2155 elementarem
1354 2117 1398 2153 et
1420 2110 1621 2161 mixtam,

87 2193 153 2228 εθῖ
175 2187 486 2228 elementarem
527 2186 659 2227 habet
706 2186 747 2226 in
791 2185 1002 2238 principio
1044 2197 1069 2224 a
1109 2182 1343 2229 coeacione,
1386 2185 1430 2221 et
1471 2185 1538 2220 est
1579 2179 1622 2220 in

27 2269 68 2302 30
87 2257 292 2312 potencia
327 2257 384 2298 ad
417 2263 617 2298 naturam
661 2255 800 2304 mixti,
822 2260 866 2296 et
907 2255 1064 2295 iterum
1102 2266 1200 2294 cum
1235 2251 1314 2292 fiat
1348 2250 1429 2290 sub
1466 2255 1623 2290 natura

88 2327 230 2375 mixti,
273 2333 338 2368 θεῖ
381 2327 423 2366 in
466 2326 669 2380 potencia
704 2325 760 2365 ad
796 2330 999 2365 naturam
1035 2321 1360 2363 elementarem.
1424 2319 1622 2359 Mixtum

88 2398 220 2451 igitur
251 2403 317 2438 est
338 2395 598 2450 principium
629 2393 823 2443 formale,
844 2393 964 2447 quod
987 2392 1226 2445 opponitur
1254 2389 1434 2431 materie
1468 2394 1512 2429 et
1537 2388 1622 2442 pri-

87 2467 270 2515 vacioni,
293 2466 395 2519 quia
423 2467 479 2506 ad
499 2464 605 2505 illud
628 2464 770 2518 primo
791 2469 893 2504 sunt
915 2463 957 2502 in
985 2461 1202 2515 potencia.
1256 2459 1317 2500 Et
1339 2459 1497 2500 iterum
1520 2457 1623 2511 quia

87 2536 196 2578 illud
226 2543 293 2578 est
324 2535 511 2577 nobilius
543 2548 676 2588 quam
707 2533 988 2581 elementum,
1022 2537 1065 2572 et
1097 2531 1200 2584 quia
1231 2527 1526 2582 principaliter
1559 2527 1623 2567 in-

28 2616 67 2648 35
87 2606 282 2647 tenditur
303 2620 329 2647 a
351 2611 519 2646 natura.
584 2603 699 2644 Nam
724 2615 811 2643 non
837 2601 1032 2655 queritur
1060 2599 1266 2641 elementi
1291 2597 1518 2651 generacio
1540 2595 1623 2637 nisi

88 2681 268 2730 propter
297 2675 452 2723 mixta,
480 2680 525 2715 et
554 2679 698 2727 preter
723 2678 913 2725 quatuor
939 2670 1155 2711 elementa
1182 2668 1330 2710 omnia
1358 2665 1623 2721 generabilia

87 2751 188 2786 sunt
229 2745 381 2787 mixta.
447 2744 610 2784 Modus
647 2741 779 2796 igitur
820 2746 1006 2794 uterque
1046 2740 1187 2781 bonus
1230 2744 1307 2787 est,
1349 2743 1417 2778 set
1457 2737 1625 2791 primus

578 2866 598 2896 3
622 2853 741 2896 debet]
759 2853 862 2885 debet
878 2853 920 2884 ad
937 2863 1017 2884 corr.
1034 2851 1075 2882 M

1645 1504 1765 1536 19a2.
