2912 4368
146 2176 157 2189 s
181 2172 204 2190 ...r
222 2166 243 2190 ⁸3.

152 2242 162 2253 ν
175 2236 246 2261 mirer,

201 2856 255 2882 ..zrz-
301 2843 303 2865 ⁵

100 2383 102 2385 >
144 2380 178 2390 >
193 2378 249 2409 :arrii
281 2368 286 2406 ζ

299 2898 305 2978 l

192 3102 354 3192 ‘',sy7352130
372 3124 545 3159 tantum
598 3115 873 3165 concludunt,
925 3123 989 3157 set
1040 3116 1121 3156 alie
1175 3116 1376 3156 forciores
1434 3121 1533 3156 sunt
1590 3121 1632 3155 et
1687 3114 1902 3154 efficacius

222 3219 260 3243 κγ]-
304 3222 307 3229 ι

262 3463 265 3478 Ι

304 3236 308 3275 l

244 3303 261 3317 ..r
305 3295 309 3324 ἲ,

306 3325 309 3342 l

358 1090 571 1146 longioris.

1052 988 1146 1032 ,49

635 1090 713 1132 Set
746 1104 823 1146 per
860 1097 959 1131 21³¹1¹
987 1092 1197 1145 ejusdem,
1219 1091 1402 1147 angulus
1433 1093 1475 1133 in
1505 1106 1615 1134 cono
1647 1095 1889 1149 pyramidis

357 1160 564 1202 brevioris
586 1167 652 1201 est
675 1160 814 1214 major
837 1175 968 1215 quam
995 1160 1179 1214 angulus
1208 1161 1250 1202 in
1273 1176 1383 1203 cono
1405 1163 1644 1216 pyramidis
1672 1163 1888 1218 longioris,

357 1231 531 1282 scilicet,
568 1245 595 1271 a
636 1236 701 1271 est
740 1229 878 1283 major
913 1245 1045 1284 quam
1077 1246 1124 1280 C}
1168 1238 1210 1272 et
1247 1246 1323 1286 per
1363 1238 1463 1283 15³m
1497 1231 1704 1286 ejusdem,
1741 1233 1888 1286 anguli

357 1300 640 1354 contrapositi
671 1306 770 1341 sunt
803 1299 989 1354 equales,
1019 1301 1184 1342 scilicet
1207 1316 1234 1342 a
1260 1308 1303 1342 et
1329 1301 1363 1351 b,
1387 1302 1492 1343 item
1520 1318 1541 1343 c
1563 1309 1606 1343 et
1636 1303 1690 1352 αἷς
1727 1317 1830 1355 ergo
1861 1302 1893 1343 d

321 1387 338 1419 5
359 1376 401 1411 et
431 1385 452 1411 c
482 1368 611 1410 simul
647 1370 810 1424 sumpti
847 1378 946 1411 sunt
984 1371 1170 1412 minores
1203 1386 1334 1425 quam
1369 1386 1396 1412 a
1434 1378 1477 1412 et
1509 1371 1532 1412 b
1561 1372 1689 1413 simul
1723 1372 1890 1426 juncti;

357 1454 461 1494 ergo
489 1453 587 1480 cum
618 1446 807 1494 quatuor
836 1440 964 1481 simul
992 1441 1155 1495 sumpti
1188 1447 1400 1495 equantur
1431 1441 1525 1482 aliis
1552 1448 1740 1496 quatuor
1764 1442 1892 1483 simul

357 1510 541 1563 sumptis
589 1523 666 1564 per
710 1516 823 1564 lgm,
864 1517 967 1551 tunc
1009 1518 1185 1565 oportet
1228 1512 1344 1565 quod
1380 1511 1407 1551 lc
1449 1517 1492 1551 et
1525 1512 1544 1552 l
1583 1512 1667 1553 sint
1708 1512 1895 1565 majores

358 1592 490 1632 quam
517 1579 559 1632 f
588 1585 631 1620 et
662 1593 694 1621 e.

360 1656 517 1690 nantur
558 1662 690 1702 quam
732 1649 839 1689 radii
882 1650 1155 1691 continentes
1195 1650 1235 1690 lc.

251 1738 263 1761 1:
305 1733 341 1755 10
360 1719 630 1761 continentes
656 1719 697 1772 f
724 1719 1055 1773 propinquiores
1097 1727 1197 1762 sunt
1238 1734 1371 1774 quam
1409 1721 1516 1761 radii
1559 1721 1829 1762 continentes
1866 1720 1891 1771 l,

363 1796 405 1830 et
446 1789 506 1829 sic
547 1789 603 1830 de
644 1789 822 1830 infinitis
865 1790 996 1831 radiis
1038 1791 1112 1843 qui
1154 1791 1486 1832 conterminales

361 1866 461 1901 sunt
513 1859 556 1904 in
608 1860 839 1914 pyramide
895 1860 1093 1910 breviori,
1144 1867 1316 1914 oportet
1367 1862 1484 1913 quod

362 1942 513 1970 omnes
537 1930 677 1984 magis
698 1930 939 1970 vicinentur
964 1943 1096 1983 quam
1124 1930 1231 1970 radii
1258 1931 1331 1983 qui
1358 1930 1484 1971 simul

362 2000 653 2040 terminantur
698 2000 739 2040 in
779 1998 783 2054 Ι
825 2013 935 2041 cono
979 2001 1221 2054 pyramidis
1268 2001 1485 2054 longioris.

191 2078 269 2121 25415
307 2080 342 2113 15
366 2068 443 2111 Set
500 2069 655 2110 vicinia
711 2069 923 2110 virtutum
982 2075 1046 2110 est
1103 2083 1231 2111 causa
1291 2070 1486 2111 forcioris

365 2140 567 2181 accionis.

759 1578 1038 1634 Quapropter
1069 1581 1176 1621 radii
1210 1582 1282 1634 qui
1315 1581 1538 1622 continent
1569 1595 1589 1621 e
1622 1581 1760 1634 magis
1790 1581 1894 1622 vici-

1308 1650 1368 1691 Et
1408 1651 1563 1692 eodem
1608 1652 1742 1692 modo
1786 1651 1893 1692 radii

1513 1823 1902 2094 mv.

393 2205 395 2207 ’
423 2209 500 2251 Set
537 2216 685 2250 tamen
717 2224 815 2250 cum
847 2210 1035 2250 incessus
1066 2210 1486 2265 perpendicularium

364 2279 421 2321 sit
462 2279 732 2328 fortissimus,
775 2285 819 2319 et
866 2280 1007 2320 omnis
1049 2293 1247 2321 accessus
1288 2281 1343 2321 ad
1390 2294 1486 2334 per-

366 2350 667 2404 pendiculares
707 2349 863 2389 forcior
903 2355 969 2390 est
1011 2363 1190 2398 recessu,
1233 2356 1336 2390 tunc
1378 2350 1486 2391 radii

156 2452 163 2460 ,η
179 2434 249 2474 ..2315OE
262 2437 286 2474 ,ας
310 2433 348 2455 20
367 2419 610 2474 pyramidis
642 2419 848 2472 longioris
880 2433 977 2461 cum
1011 2420 1150 2473 magis
1184 2422 1395 2462 accedant
1433 2421 1488 2460 ad

190 2507 251 2545 'vaicra
284 2509 288 2546 ἱ

226 2576 252 2613 ,ab
284 2568 290 2599 1

182 2663 189 2669 ‘¹
202 2655 253 2683 &¹:1¹
286 2646 290 2669 ¹

286 2713 301 2742 Γ

179 2792 190 2810 ,1
205 2799 254 2827 W
267 2770 349 2830 33²5
369 2770 612 2810 acuciorem
644 2769 778 2810 habet
811 2769 1031 2822 angulum,
1061 2783 1138 2823 per
1168 2775 1282 2810 ziam.

368 2840 632 2888 vicinantur3
664 2853 767 2892 ergo
791 2838 946 2879 sorcius
968 2839 1206 2880 comburet.

430 2908 489 2949 Et
522 2909 755 2949 dicendum
788 2914 853 2948 est
885 2909 1002 2961 quod
1035 2908 1115 2948 hee
1152 2908 1343 2949 raciones
1377 2906 1432 2948 ad
1470 2913 1702 2959 utramque
1733 2897 1900 2960 partem

371 2978 769 3019 demonstraciones
801 2985 911 3028 sunt,
944 2984 1010 3018 set
1045 2978 1249 3019 forciores
1282 2983 1381 3017 sunt
1413 2978 1467 3018 ad
1500 2977 1685 3030 primam
1719 2982 1900 3030 partem,

366 2488 743 2545 perpendiculares
758 2503 811 2540 m,
826 2503 865 2541 72,
879 2496 966 2543 q‚j⁷,
982 2496 1106 2531 erunt
1121 2489 1335 2530 forciores.
1376 2490 1487 2530 Item

368 2565 434 2601 tot
461 2560 569 2600 radii
595 2560 774 2600 veniunt
796 2560 851 2600 ad
876 2573 1033 2601 conum
1058 2560 1299 2614 pyramidis
1323 2560 1487 2613 longio-

369 2630 437 2680 ris,
475 2631 586 2671 sicut
622 2630 676 2670 ad
720 2643 877 2671 conum
915 2630 1134 2680 brevioris,
1173 2629 1296 2683 quasi
1335 2629 1489 2669 infiniti

692 2699 771 2741 Set
816 2713 950 2740 conus
996 2700 1236 2754 pyramidis
1282 2700 1490 2753 longioris

369 2699 611 2753 utrobique.

372 3055 416 3089 et
452 3048 551 3088 ideo
587 3046 825 3101 prevalent.

373 3193 618 3242 operantur.

1533 2503 1567 2529 ‘n

1688 2496 1904 2556 th

1702 2587 1732 2628 d

1641 2672 1720 2703 Fre.
1742 2680 1791 2702 12.

1344 2768 1465 2821 Ergo
1498 2768 1606 2809 radii
1639 2767 1729 2820 ejus
1763 2766 1900 2819 magis

890 3047 1021 3088 Unde
1058 3053 1270 3099 quantum
1303 3052 1482 3100 possunt
1515 3046 1705 3086 raciones
1738 3045 1902 3093 ultime,

681 3187 809 3226 Nunc
837 3186 877 3225 in
901 3185 998 3236 fine,
1020 3186 1074 3225 de
1102 3186 1381 3239 corrupcione
1403 3186 1656 3239 specierum,
1679 3184 1901 3224 sciendum

375 3258 493 3311 quod
532 3258 642 3298 sicut
678 3256 906 3308 generacio
947 3268 1095 3295 earum
1133 3261 1198 3295 est
1234 3254 1453 3305 naturalis,
1489 3255 1546 3293 sic
1585 3254 1819 3306 corrupcio,
1859 3259 1902 3292 et

375 3329 473 3369 ideo
505 3328 615 3368 sicut
644 3327 697 3366 de
726 3325 928 3379 potencia
960 3325 1140 3365 materie
1171 3330 1443 3377 generantur,
1476 3324 1535 3364 sic
1566 3328 1904 3376 corrumpuntur

376 3399 417 3437 in
445 3398 629 3438 eandem
659 3395 917 3450 potenciam.
982 3394 1040 3434 Et
1069 3395 1176 3434 sicut
1206 3393 1383 3434 effectus
1412 3392 1615 3446 completi
1645 3397 1906 3445 generantur

165 3474 171 3485 ⁵
313 3478 356 3510 ’35
377 3468 431 3508 de
452 3467 653 3521 potencia
676 3465 854 3506 materie
872 3472 915 3504 et
938 3464 978 3504 in
996 3478 1091 3504 eam
1110 3470 1455 3516 corrumpuntur,
1470 3464 1527 3503 sic
1545 3461 1723 3502 effectus
1740 3462 1903 3503 incom-

315 3581 317 3588 ,
377 3537 481 3592 pleti
504 3538 578 3590 qui
600 3543 699 3576 sunt
722 3534 896 3589 species,
919 3535 1035 3587 quod
1058 3532 1190 3574 habet
1214 3532 1552 3586 methaphisicus
1575 3533 1884 3572 demonstrare.

425 3627 438 3646 1
465 3615 625 3657 angulus]
644 3615 784 3654 angulos
800 3614 833 3643 F

378 3671 420 3704 26
442 3667 646 3709 vicinantur]
666 3669 828 3698 uniuntur
844 3666 908 3696 FD

380 3732 421 3763 35
447 3720 657 3762 incompleti]
675 3720 832 3760 completi
848 3719 882 3749 F

448 3801 475 3819 R.
492 3801 517 3818 B.
535 3801 553 3818 Π

927 3623 945 3653 5
971 3612 1068 3644 simul
1086 3613 1211 3651 sumpti
1229 3623 1292 3642 om.
1307 3611 1341 3641 D

1103 3676 1146 3705 30
1170 3664 1250 3706 alie]
1268 3664 1332 3695 alie

1128 3783 1157 3814 E

1438 3622 1480 3642 20
1504 3610 1685 3652 accedant]
1703 3610 1856 3641 accidant
1872 3610 1909 3640 D

1350 3664 1508 3695 raciones
1525 3663 1559 3694 D
1707 3668 1786 3694 sunt
1801 3673 1866 3694 om.
1883 3663 1917 3693 F

1915 2016 2035 2037 12212.

1935 2032 1951 2048 ι)
