<?xml version="1.0" encoding="UTF-8"?>
<!DOCTYPE html PUBLIC "-//W3C//DTD XHTML 1.0 Transitional//EN"
    "http://www.w3.org/TR/xhtml1/DTD/xhtml1-transitional.dtd">
<html xmlns="http://www.w3.org/1999/xhtml" xml:lang="en" lang="en">
 <head>
  <title>
</title>
<meta http-equiv="Content-Type" content="text/html;charset=utf-8" />
  <meta name='ocr-system' content='tesseract 3.04.00' />
  <meta name='ocr-capabilities' content='ocr_page ocr_carea ocr_par ocr_line ocrx_word'/>
</head>
<body>
  <div class='ocr_page' id='page_1' title='image "./operahactenusine02baco_0059.png"; bbox 0 0 1934 3152; ppageno 0'>
   <div class='ocr_carea' id='block_1_1' title="bbox 823 165 875 206">
    <p class='ocr_par' dir='ltr' id='par_1_1' title="bbox 823 165 875 206">
     <span class='ocr_line' id='line_1_1' title="bbox 823 165 875 206; baseline 0.058 -3"><span class='ocrx_word' id='word_1_1' title='bbox 823 165 875 206; x_wconf 88' lang='lat'><strong>47</strong></span> 
     </span>
    </p>
   </div>
   <div class='ocr_carea' id='block_1_2' title="bbox 10 267 1762 2416">
    <p class='ocr_par' dir='ltr' id='par_1_2' title="bbox 76 267 1622 322">
     <span class='ocr_line' id='line_1_2' title="bbox 76 267 1622 322; baseline 0 -10"><span class='ocrx_word' id='word_1_2' title='bbox 76 272 291 313; x_wconf 83' lang='lat' dir='ltr'><strong>incessum</strong></span> <span class='ocrx_word' id='word_1_3' title='bbox 313 268 559 310; x_wconf 82' lang='lat' dir='ltr'><strong>naturalem</strong></span> <span class='ocrx_word' id='word_1_4' title='bbox 582 282 715 322; x_wconf 87' lang='lat' dir='ltr'><strong>quem</strong></span> <span class='ocrx_word' id='word_1_5' title='bbox 739 268 911 322; x_wconf 88' lang='lat' dir='ltr'><strong>appetit</strong></span> <span class='ocrx_word' id='word_1_6' title='bbox 936 275 1095 310; x_wconf 85' lang='lat' dir='ltr'><strong>natura</strong></span> <span class='ocrx_word' id='word_1_7' title='bbox 1117 268 1289 310; x_wconf 88' lang='lat' dir='ltr'><strong>virtutis</strong></span> <span class='ocrx_word' id='word_1_8' title='bbox 1312 267 1556 311; x_wconf 89' lang='lat' dir='ltr'><strong>incedentis</strong></span> <span class='ocrx_word' id='word_1_9' title='bbox 1579 269 1622 312; x_wconf 93' lang='lat' dir='ltr'><strong>in</strong></span> 
     </span>
    </p>

    <p class='ocr_par' dir='ltr' id='par_1_3' title="bbox 75 338 1622 392">
     <span class='ocr_line' id='line_1_3' title="bbox 75 338 1622 392; baseline 0 -11"><span class='ocrx_word' id='word_1_10' title='bbox 75 339 332 382; x_wconf 90' lang='lat' dir='ltr'><strong>continuum</strong></span> <span class='ocrx_word' id='word_1_11' title='bbox 352 345 395 380; x_wconf 89' lang='lat' dir='ltr'><strong>et</strong></span> <span class='ocrx_word' id='word_1_12' title='bbox 413 339 629 380; x_wconf 86' lang='lat' dir='ltr'><strong>directum</strong></span> <span class='ocrx_word' id='word_1_13' title='bbox 647 338 730 379; x_wconf 89' lang='lat' dir='ltr'><strong>nisi</strong></span> <span class='ocrx_word' id='word_1_14' title='bbox 754 338 1034 392; x_wconf 80' lang='lat' dir='ltr'><strong>impediatur,</strong></span> <span class='ocrx_word' id='word_1_15' title='bbox 1052 345 1096 380; x_wconf 95' lang='lat' dir='ltr'><strong>et</strong></span> <span class='ocrx_word' id='word_1_16' title='bbox 1115 339 1216 380; x_wconf 92' lang='lat' dir='ltr'><strong>ideo</strong></span> <span class='ocrx_word' id='word_1_17' title='bbox 1234 338 1416 379; x_wconf 83' lang='lat' dir='ltr'><strong>reflexio</strong></span> <span class='ocrx_word' id='word_1_18' title='bbox 1435 338 1622 381; x_wconf 89' lang='lat' dir='ltr'><strong>multum</strong></span> 
     </span>
    </p>

    <p class='ocr_par' dir='ltr' id='par_1_4' title="bbox 75 407 1622 463">
     <span class='ocr_line' id='line_1_4' title="bbox 75 407 1622 463; baseline 0 -12"><span class='ocrx_word' id='word_1_19' title='bbox 75 409 276 451; x_wconf 87' lang='lat' dir='ltr'><strong>debilitat</strong></span> <span class='ocrx_word' id='word_1_20' title='bbox 305 409 497 462; x_wconf 87' lang='lat' dir='ltr'><strong>speciem</strong></span> <span class='ocrx_word' id='word_1_21' title='bbox 529 415 574 449; x_wconf 91' lang='lat' dir='ltr'><strong>et</strong></span> <span class='ocrx_word' id='word_1_22' title='bbox 601 409 826 457; x_wconf 88' lang='lat' dir='ltr'><strong>virtutem,</strong></span> <span class='ocrx_word' id='word_1_23' title='bbox 857 415 900 450; x_wconf 90' lang='lat' dir='ltr'><strong>et</strong></span> <span class='ocrx_word' id='word_1_24' title='bbox 930 415 1112 463; x_wconf 88' lang='lat' dir='ltr'><strong>propter</strong></span> <span class='ocrx_word' id='word_1_25' title='bbox 1138 407 1222 449; x_wconf 92' lang='lat' dir='ltr'><strong>hoc</strong></span> <span class='ocrx_word' id='word_1_26' title='bbox 1253 408 1442 450; x_wconf 88' lang='lat' dir='ltr'><strong>multum</strong></span> <span class='ocrx_word' id='word_1_27' title='bbox 1472 408 1622 451; x_wconf 89' lang='lat' dir='ltr'><strong>deficit</strong></span> 
     </span>
    </p>

    <p class='ocr_par' dir='ltr' id='par_1_5' title="bbox 37 477 1617 601">
     <span class='ocr_line' id='line_1_5' title="bbox 73 477 1617 534; baseline 0.001 -15"><span class='ocrx_word' id='word_1_28' title='bbox 73 479 189 520; x_wconf 85' lang='lat' dir='ltr'><strong>visus</strong></span> <span class='ocrx_word' id='word_1_29' title='bbox 209 492 235 519; x_wconf 84' lang='lat' dir='ltr'><strong>a</strong></span> <span class='ocrx_word' id='word_1_30' title='bbox 255 478 441 519; x_wconf 89' lang='lat' dir='ltr'><strong>veritate</strong></span> <span class='ocrx_word' id='word_1_31' title='bbox 462 477 647 519; x_wconf 86' lang='lat' dir='ltr'><strong>visibilis</strong></span> <span class='ocrx_word' id='word_1_32' title='bbox 670 479 848 531; x_wconf 90' lang='lat' dir='ltr'><strong>quando</strong></span> <span class='ocrx_word' id='word_1_33' title='bbox 870 478 989 520; x_wconf 92' lang='lat' dir='ltr'><strong>videt</strong></span> <span class='ocrx_word' id='word_1_34' title='bbox 1011 492 1089 533; x_wconf 89' lang='lat' dir='ltr'><strong>per</strong></span> <span class='ocrx_word' id='word_1_35' title='bbox 1111 477 1399 519; x_wconf 82' lang='lat' dir='ltr'><strong>reflexionem</strong></span> <span class='ocrx_word' id='word_1_36' title='bbox 1422 485 1466 520; x_wconf 90' lang='lat' dir='ltr'><strong>et</strong></span> <span class='ocrx_word' id='word_1_37' title='bbox 1488 479 1617 534; x_wconf 83' lang='lat' dir='ltr'><strong>longe</strong></span> 
     </span>
     <span class='ocr_line' id='line_1_6' title="bbox 37 546 772 601; baseline -0.001 -13"><span class='ocrx_word' id='word_1_38' title='bbox 37 563 55 596; x_wconf 84' lang='lat'><strong>5</strong></span> <span class='ocrx_word' id='word_1_39' title='bbox 75 547 217 601; x_wconf 86' lang='lat' dir='ltr'><strong>magis</strong></span> <span class='ocrx_word' id='word_1_40' title='bbox 237 560 370 601; x_wconf 91' lang='lat' dir='ltr'><strong>quam</strong></span> <span class='ocrx_word' id='word_1_41' title='bbox 394 561 471 600; x_wconf 90' lang='lat' dir='ltr'><strong>per</strong></span> <span class='ocrx_word' id='word_1_42' title='bbox 493 546 772 589; x_wconf 89' lang='lat' dir='ltr'><strong>fraccionem.</strong></span> 
     </span>
    </p>

    <p class='ocr_par' dir='ltr' id='par_1_6' title="bbox 73 616 1621 880">
     <span class='ocr_line' id='line_1_7' title="bbox 132 616 1621 671; baseline 0.001 -13"><span class='ocrx_word' id='word_1_43' title='bbox 132 616 313 659; x_wconf 88' lang='lat' dir='ltr'><strong>Fraccio</strong></span> <span class='ocrx_word' id='word_1_44' title='bbox 341 630 458 666; x_wconf 88' lang='lat' dir='ltr'><strong>vero,</strong></span> <span class='ocrx_word' id='word_1_45' title='bbox 487 630 573 670; x_wconf 91' lang='lat' dir='ltr'><strong>que</strong></span> <span class='ocrx_word' id='word_1_46' title='bbox 607 623 674 658; x_wconf 85' lang='lat' dir='ltr'><strong>est</strong></span> <span class='ocrx_word' id='word_1_47' title='bbox 710 617 752 658; x_wconf 92' lang='lat' dir='ltr'><strong>in</strong></span> <span class='ocrx_word' id='word_1_48' title='bbox 788 630 972 671; x_wconf 89' lang='lat' dir='ltr'><strong>corpore</strong></span> <span class='ocrx_word' id='word_1_49' title='bbox 1008 617 1202 660; x_wconf 88' lang='lat' dir='ltr'><strong>secundo</strong></span> <span class='ocrx_word' id='word_1_50' title='bbox 1238 617 1442 669; x_wconf 87' lang='lat' dir='ltr'>densiori,</span> <span class='ocrx_word' id='word_1_51' title='bbox 1479 618 1621 660; x_wconf 90' lang='lat' dir='ltr'><strong>minus</strong></span> 
     </span>
     <span class='ocr_line' id='line_1_8' title="bbox 73 687 1619 741; baseline 0.001 -12"><span class='ocrx_word' id='word_1_52' title='bbox 73 687 276 729; x_wconf 85' lang='lat' dir='ltr'><strong>debilitat</strong></span> <span class='ocrx_word' id='word_1_53' title='bbox 297 700 430 740; x_wconf 86' lang='lat' dir='ltr'><strong>quam</strong></span> <span class='ocrx_word' id='word_1_54' title='bbox 454 700 505 728; x_wconf 83' lang='lat' dir='ltr'><strong>ea</strong></span> <span class='ocrx_word' id='word_1_55' title='bbox 526 700 612 741; x_wconf 87' lang='lat' dir='ltr'><strong>que</strong></span> <span class='ocrx_word' id='word_1_56' title='bbox 634 694 699 728; x_wconf 86' lang='lat' dir='ltr'><strong>est</strong></span> <span class='ocrx_word' id='word_1_57' title='bbox 721 687 764 728; x_wconf 91' lang='lat' dir='ltr'><strong>in</strong></span> <span class='ocrx_word' id='word_1_58' title='bbox 786 700 968 741; x_wconf 88' lang='lat' dir='ltr'><strong>corpore</strong></span> <span class='ocrx_word' id='word_1_59' title='bbox 989 687 1183 728; x_wconf 90' lang='lat' dir='ltr'><strong>secundo</strong></span> <span class='ocrx_word' id='word_1_60' title='bbox 1206 687 1438 729; x_wconf 88' lang='lat' dir='ltr'><strong>subtiliori.</strong></span> <span class='ocrx_word' id='word_1_61' title='bbox 1500 688 1619 730; x_wconf 87' lang='lat' dir='ltr'><strong>Nam</strong></span> 
     </span>
     <span class='ocr_line' id='line_1_9' title="bbox 73 756 1620 812; baseline 0.001 -14"><span class='ocrx_word' id='word_1_62' title='bbox 73 758 264 799; x_wconf 88' lang='lat' dir='ltr'><strong>incessus</strong></span> <span class='ocrx_word' id='word_1_63' title='bbox 295 756 726 811; x_wconf 87' lang='lat' dir='ltr'><strong>perpendicularium</strong></span> <span class='ocrx_word' id='word_1_64' title='bbox 759 764 825 798; x_wconf 91' lang='lat' dir='ltr'><strong>est</strong></span> <span class='ocrx_word' id='word_1_65' title='bbox 854 756 1128 810; x_wconf 89' lang='lat' dir='ltr'><strong>fortissimus,</strong></span> <span class='ocrx_word' id='word_1_66' title='bbox 1160 764 1204 799; x_wconf 90' lang='lat' dir='ltr'><strong>et</strong></span> <span class='ocrx_word' id='word_1_67' title='bbox 1234 758 1334 798; x_wconf 89' lang='lat' dir='ltr'><strong>ideo</strong></span> <span class='ocrx_word' id='word_1_68' title='bbox 1363 771 1449 810; x_wconf 91' lang='lat' dir='ltr'><strong>que</strong></span> <span class='ocrx_word' id='word_1_69' title='bbox 1479 759 1620 812; x_wconf 84' lang='lat' dir='ltr'><strong>magis</strong></span> 
     </span>
     <span class='ocr_line' id='line_1_10' title="bbox 73 826 1618 880; baseline 0.001 -12"><span class='ocrx_word' id='word_1_70' title='bbox 73 826 242 868; x_wconf 86' lang='lat' dir='ltr'><strong>accedit</strong></span> <span class='ocrx_word' id='word_1_71' title='bbox 282 826 339 867; x_wconf 81' lang='lat' dir='ltr'><strong>ad</strong></span> <span class='ocrx_word' id='word_1_72' title='bbox 382 826 806 880; x_wconf 83' lang='lat' dir='ltr'><strong>perpendicularem,</strong></span> <span class='ocrx_word' id='word_1_73' title='bbox 843 827 984 880; x_wconf 82' lang='lat' dir='ltr'><strong>magis</strong></span> <span class='ocrx_word' id='word_1_74' title='bbox 1025 833 1090 868; x_wconf 92' lang='lat' dir='ltr'><strong>est</strong></span> <span class='ocrx_word' id='word_1_75' title='bbox 1127 826 1262 868; x_wconf 79' lang='lat' dir='ltr'><strong>fortis.</strong></span> <span class='ocrx_word' id='word_1_76' title='bbox 1338 826 1416 869; x_wconf 87' lang='lat' dir='ltr'><strong>Set</strong></span> <span class='ocrx_word' id='word_1_77' title='bbox 1457 827 1618 870; x_wconf 88' lang='lat' dir='ltr'><strong>fraccio</strong></span> 
     </span>
    </p>

    <p class='ocr_par' dir='ltr' id='par_1_7' title="bbox 15 896 1620 1230">
     <span class='ocr_line' id='line_1_11' title="bbox 15 896 1619 953; baseline 0.002 -16"><span class='ocrx_word' id='word_1_78' title='bbox 15 909 54 934; x_wconf 85' lang='grc' dir='ltr'><strong>ιο</strong></span> <span class='ocrx_word' id='word_1_79' title='bbox 73 896 116 937; x_wconf 89' lang='lat' dir='ltr'><strong>in</strong></span> <span class='ocrx_word' id='word_1_80' title='bbox 147 908 331 950; x_wconf 90' lang='lat' dir='ltr'><strong>corpore</strong></span> <span class='ocrx_word' id='word_1_81' title='bbox 361 897 556 938; x_wconf 87' lang='lat' dir='ltr'><strong>secundo</strong></span> <span class='ocrx_word' id='word_1_82' title='bbox 583 898 784 938; x_wconf 81' lang='lat' dir='ltr'><strong>densiore</strong></span> <span class='ocrx_word' id='word_1_83' title='bbox 813 896 1005 940; x_wconf 86' lang='lat' dir='ltr'><strong>declinat</strong></span> <span class='ocrx_word' id='word_1_84' title='bbox 1033 911 1183 938; x_wconf 89' lang='lat' dir='ltr'><strong>versus</strong></span> <span class='ocrx_word' id='word_1_85' title='bbox 1212 898 1619 953; x_wconf 84' lang='lat' dir='ltr'><strong>perpendicularem</strong></span> 
     </span>
     <span class='ocr_line' id='line_1_12' title="bbox 71 966 1618 1022; baseline 0.001 -15"><span class='ocrx_word' id='word_1_86' title='bbox 71 979 157 1020; x_wconf 90' lang='lat' dir='ltr'><strong>que</strong></span> <span class='ocrx_word' id='word_1_87' title='bbox 184 966 241 1007; x_wconf 92' lang='lat' dir='ltr'><strong>ab</strong></span> <span class='ocrx_word' id='word_1_88' title='bbox 269 966 427 1008; x_wconf 90' lang='lat' dir='ltr'><strong>eodem</strong></span> <span class='ocrx_word' id='word_1_89' title='bbox 457 973 620 1020; x_wconf 89' lang='lat' dir='ltr'><strong>puncto</strong></span> <span class='ocrx_word' id='word_1_90' title='bbox 652 968 744 1009; x_wconf 83' lang='lat' dir='ltr'><strong>exit</strong></span> <span class='ocrx_word' id='word_1_91' title='bbox 766 982 792 1009; x_wconf 84' lang='lat' dir='ltr'><strong>a</strong></span> <span class='ocrx_word' id='word_1_92' title='bbox 814 982 902 1022; x_wconf 81' lang='lat' dir='ltr'><strong>qua</strong></span> <span class='ocrx_word' id='word_1_93' title='bbox 930 968 1102 1019; x_wconf 88' lang='lat' dir='ltr'><strong>fraccio,</strong></span> <span class='ocrx_word' id='word_1_94' title='bbox 1124 975 1174 1009; x_wconf 91' lang='lat' dir='ltr'><strong>ut</strong></span> <span class='ocrx_word' id='word_1_95' title='bbox 1205 974 1328 1022; x_wconf 90' lang='lat' dir='ltr'><strong>patet</strong></span> <span class='ocrx_word' id='word_1_96' title='bbox 1357 969 1553 1022; x_wconf 89' lang='lat' dir='ltr'><strong>superius</strong></span> <span class='ocrx_word' id='word_1_97' title='bbox 1575 969 1618 1010; x_wconf 89' lang='lat' dir='ltr'><strong>in</strong></span> 
     </span>
     <span class='ocr_line' id='line_1_13' title="bbox 73 1035 1619 1091; baseline 0.002 -15"><span class='ocrx_word' id='word_1_98' title='bbox 73 1035 226 1090; x_wconf 85' lang='lat' dir='ltr'><strong>figura,</strong></span> <span class='ocrx_word' id='word_1_99' title='bbox 261 1042 353 1077; x_wconf 89' lang='lat' dir='ltr'><strong>tam</strong></span> <span class='ocrx_word' id='word_1_100' title='bbox 395 1036 438 1076; x_wconf 89' lang='lat' dir='ltr'><strong>in</strong></span> <span class='ocrx_word' id='word_1_101' title='bbox 481 1035 621 1091; x_wconf 87' lang='lat' dir='ltr'><strong>planis</strong></span> <span class='ocrx_word' id='word_1_102' title='bbox 661 1051 796 1091; x_wconf 86' lang='lat' dir='ltr'><strong>quam</strong></span> <span class='ocrx_word' id='word_1_103' title='bbox 834 1038 876 1079; x_wconf 93' lang='lat' dir='ltr'><strong>in</strong></span> <span class='ocrx_word' id='word_1_104' title='bbox 919 1038 1107 1091; x_wconf 88' lang='lat' dir='ltr'><strong>spericis,</strong></span> <span class='ocrx_word' id='word_1_105' title='bbox 1141 1044 1186 1078; x_wconf 92' lang='lat' dir='ltr'><strong>et</strong></span> <span class='ocrx_word' id='word_1_106' title='bbox 1228 1038 1328 1079; x_wconf 91' lang='lat' dir='ltr'><strong>ideo</strong></span> <span class='ocrx_word' id='word_1_107' title='bbox 1363 1038 1437 1079; x_wconf 84' lang='lat' dir='ltr'><strong>illa</strong></span> <span class='ocrx_word' id='word_1_108' title='bbox 1475 1040 1619 1079; x_wconf 90' lang='lat' dir='ltr'><strong>minus</strong></span> 
     </span>
     <span class='ocr_line' id='line_1_14' title="bbox 72 1104 1620 1161; baseline 0.001 -14"><span class='ocrx_word' id='word_1_109' title='bbox 72 1104 291 1147; x_wconf 85' lang='lat' dir='ltr'><strong>debilitat.</strong></span> <span class='ocrx_word' id='word_1_110' title='bbox 352 1105 422 1146; x_wconf 93' lang='lat' dir='ltr'><strong>De</strong></span> <span class='ocrx_word' id='word_1_111' title='bbox 465 1105 707 1148; x_wconf 84' lang='lat' dir='ltr'><strong>reflexione</strong></span> <span class='ocrx_word' id='word_1_112' title='bbox 742 1120 859 1157; x_wconf 88' lang='lat' dir='ltr'><strong>ver0‚</strong></span> <span class='ocrx_word' id='word_1_113' title='bbox 897 1121 983 1161; x_wconf 90' lang='lat' dir='ltr'><strong>que</strong></span> <span class='ocrx_word' id='word_1_114' title='bbox 1023 1113 1090 1149; x_wconf 88' lang='lat' dir='ltr'><strong>est</strong></span> <span class='ocrx_word' id='word_1_115' title='bbox 1131 1109 1187 1148; x_wconf 87' lang='lat' dir='ltr'><strong>ab</strong></span> <span class='ocrx_word' id='word_1_116' title='bbox 1230 1120 1387 1161; x_wconf 85' lang='lat' dir='ltr'><strong>aspero</strong></span> <span class='ocrx_word' id='word_1_117' title='bbox 1426 1121 1620 1161; x_wconf 88' lang='lat' dir='ltr'><strong>corpore,</strong></span> 
     </span>
     <span class='ocr_line' id='line_1_15' title="bbox 71 1173 1619 1230; baseline 0.003 -15"><span class='ocrx_word' id='word_1_118' title='bbox 71 1173 298 1216; x_wconf 89' lang='lat' dir='ltr'><strong>sciendum</strong></span> <span class='ocrx_word' id='word_1_119' title='bbox 329 1175 450 1229; x_wconf 89' lang='lat' dir='ltr'><strong>quod</strong></span> <span class='ocrx_word' id='word_1_120' title='bbox 481 1175 670 1218; x_wconf 89' lang='lat' dir='ltr'><strong>debilior</strong></span> <span class='ocrx_word' id='word_1_121' title='bbox 701 1183 767 1218; x_wconf 88' lang='lat' dir='ltr'><strong>est</strong></span> <span class='ocrx_word' id='word_1_122' title='bbox 798 1190 933 1230; x_wconf 89' lang='lat' dir='ltr'><strong>quam</strong></span> <span class='ocrx_word' id='word_1_123' title='bbox 967 1190 993 1218; x_wconf 84' lang='lat' dir='ltr'><strong>a</strong></span> <span class='ocrx_word' id='word_1_124' title='bbox 1024 1176 1122 1228; x_wconf 89' lang='lat' dir='ltr'><strong>leni,</strong></span> <span class='ocrx_word' id='word_1_125' title='bbox 1151 1178 1268 1218; x_wconf 88' lang='lat' dir='ltr'><strong>unde</strong></span> <span class='ocrx_word' id='word_1_126' title='bbox 1302 1190 1389 1218; x_wconf 90' lang='lat' dir='ltr'><strong>non</strong></span> <span class='ocrx_word' id='word_1_127' title='bbox 1418 1178 1619 1219; x_wconf 89' lang='lat' dir='ltr'><strong>videmus</strong></span> 
     </span>
    </p>

    <p class='ocr_par' dir='ltr' id='par_1_8' title="bbox 15 1244 1621 1581">
     <span class='ocr_line' id='line_1_16' title="bbox 15 1244 1620 1302; baseline 0.003 -19"><span class='ocrx_word' id='word_1_128' title='bbox 15 1258 52 1290; x_wconf 69' lang='grc' dir='ltr'><strong>ιε,</strong></span> <span class='ocrx_word' id='word_1_129' title='bbox 72 1257 148 1298; x_wconf 89' lang='lat' dir='ltr'><strong>per</strong></span> <span class='ocrx_word' id='word_1_130' title='bbox 163 1244 352 1299; x_wconf 86' lang='lat' dir='ltr'><strong>speciem</strong></span> <span class='ocrx_word' id='word_1_131' title='bbox 370 1244 584 1286; x_wconf 85' lang='lat' dir='ltr'><strong>reflexam</strong></span> <span class='ocrx_word' id='word_1_132' title='bbox 602 1246 659 1287; x_wconf 86' lang='lat' dir='ltr'><strong>ab</strong></span> <span class='ocrx_word' id='word_1_133' title='bbox 677 1259 845 1300; x_wconf 84' lang='lat' dir='ltr'><strong>aspero,</strong></span> <span class='ocrx_word' id='word_1_134' title='bbox 862 1246 1099 1300; x_wconf 88' lang='lat' dir='ltr'><strong>dissipatur</strong></span> <span class='ocrx_word' id='word_1_135' title='bbox 1120 1248 1235 1288; x_wconf 90' lang='lat' dir='ltr'><strong>enim</strong></span> <span class='ocrx_word' id='word_1_136' title='bbox 1255 1246 1423 1302; x_wconf 89' lang='lat' dir='ltr'><strong>species</strong></span> <span class='ocrx_word' id='word_1_137' title='bbox 1440 1254 1620 1302; x_wconf 85' lang='lat' dir='ltr'><strong>propter</strong></span> 
     </span>
     <span class='ocr_line' id='line_1_17' title="bbox 72 1313 1620 1371; baseline 0.003 -18"><span class='ocrx_word' id='word_1_138' title='bbox 72 1313 405 1367; x_wconf 84' lang='lat' dir='ltr'><strong>inequalitatem</strong></span> <span class='ocrx_word' id='word_1_139' title='bbox 427 1314 672 1369; x_wconf 90' lang='lat' dir='ltr'><strong>superficiei</strong></span> <span class='ocrx_word' id='word_1_140' title='bbox 700 1329 867 1370; x_wconf 84' lang='lat' dir='ltr'><strong>aspere.</strong></span> <span class='ocrx_word' id='word_1_141' title='bbox 923 1316 1038 1358; x_wconf 90' lang='lat' dir='ltr'><strong>Item</strong></span> <span class='ocrx_word' id='word_1_142' title='bbox 1062 1316 1136 1358; x_wconf 88' lang='lat' dir='ltr'><strong>illa</strong></span> <span class='ocrx_word' id='word_1_143' title='bbox 1159 1330 1245 1370; x_wconf 88' lang='lat' dir='ltr'><strong>que</strong></span> <span class='ocrx_word' id='word_1_144' title='bbox 1268 1322 1334 1358; x_wconf 88' lang='lat' dir='ltr'><strong>est</strong></span> <span class='ocrx_word' id='word_1_145' title='bbox 1356 1317 1412 1357; x_wconf 90' lang='lat' dir='ltr'><strong>ad</strong></span> <span class='ocrx_word' id='word_1_146' title='bbox 1435 1318 1620 1371; x_wconf 84' lang='lat' dir='ltr'><strong>angulos</strong></span> 
     </span>
     <span class='ocr_line' id='line_1_18' title="bbox 72 1375 1621 1440; baseline 0.004 -17"><span class='ocrx_word' id='word_1_147' title='bbox 72 1375 247 1434; x_wconf 86' lang='lat' dir='ltr'><strong>scilicet,</strong></span> <span class='ocrx_word' id='word_1_148' title='bbox 290 1390 430 1426; x_wconf 87' lang='lat' dir='ltr'><strong>rectos</strong></span> <span class='ocrx_word' id='word_1_149' title='bbox 473 1384 574 1426; x_wconf 87' lang='lat' dir='ltr'><strong>licet</strong></span> <span class='ocrx_word' id='word_1_150' title='bbox 615 1386 866 1440; x_wconf 85' lang='lat' dir='ltr'><strong>geminetur</strong></span> <span class='ocrx_word' id='word_1_151' title='bbox 908 1387 1053 1427; x_wconf 90' lang='lat' dir='ltr'><strong>radius</strong></span> <span class='ocrx_word' id='word_1_152' title='bbox 1101 1386 1432 1428; x_wconf 86' lang='lat' dir='ltr'><strong>accidentaliter</strong></span> <span class='ocrx_word' id='word_1_153' title='bbox 1475 1394 1518 1428; x_wconf 89' lang='lat' dir='ltr'><strong>et</strong></span> <span class='ocrx_word' id='word_1_154' title='bbox 1560 1388 1621 1429; x_wconf 89' lang='lat' dir='ltr'><strong>sic</strong></span> 
     </span>
     <span class='ocr_line' id='line_1_19' title="bbox 72 1452 1620 1512; baseline 0.005 -19"><span class='ocrx_word' id='word_1_155' title='bbox 72 1452 122 1494; x_wconf 88' lang='lat' dir='ltr'><strong>fit</strong></span> <span class='ocrx_word' id='word_1_156' title='bbox 153 1452 309 1495; x_wconf 87' lang='lat' dir='ltr'><strong>forcior</strong></span> <span class='ocrx_word' id='word_1_157' title='bbox 339 1453 470 1507; x_wconf 86' lang='lat' dir='ltr'><strong>accio,</strong></span> <span class='ocrx_word' id='word_1_158' title='bbox 502 1461 652 1497; x_wconf 85' lang='lat' dir='ltr'><strong>tamen</strong></span> <span class='ocrx_word' id='word_1_159' title='bbox 685 1457 741 1497; x_wconf 94' lang='lat' dir='ltr'><strong>de</strong></span> <span class='ocrx_word' id='word_1_160' title='bbox 772 1463 929 1498; x_wconf 85' lang='lat' dir='ltr'><strong>natura</strong></span> <span class='ocrx_word' id='word_1_161' title='bbox 960 1457 1210 1498; x_wconf 85' lang='lat' dir='ltr'><strong>reflexionis</strong></span> <span class='ocrx_word' id='word_1_162' title='bbox 1243 1455 1358 1497; x_wconf 89' lang='lat' dir='ltr'><strong>illius</strong></span> <span class='ocrx_word' id='word_1_163' title='bbox 1391 1463 1468 1507; x_wconf 87' lang='lat' dir='ltr'><strong>est,</strong></span> <span class='ocrx_word' id='word_1_164' title='bbox 1501 1460 1620 1512; x_wconf 88' lang='lat' dir='ltr'><strong>quod</strong></span> 
     </span>
     <span class='ocr_line' id='line_1_20' title="bbox 72 1522 1620 1581; baseline 0.005 -19"><span class='ocrx_word' id='word_1_165' title='bbox 72 1535 149 1575; x_wconf 92' lang='lat' dir='ltr'><strong>per</strong></span> <span class='ocrx_word' id='word_1_166' title='bbox 189 1536 235 1563; x_wconf 90' lang='grc' dir='ltr'>εθ</span> <span class='ocrx_word' id='word_1_167' title='bbox 276 1522 408 1577; x_wconf 85' lang='lat' dir='ltr'><strong>longe</strong></span> <span class='ocrx_word' id='word_1_168' title='bbox 449 1524 546 1578; x_wconf 89' lang='lat' dir='ltr'><strong>plus</strong></span> <span class='ocrx_word' id='word_1_169' title='bbox 588 1525 789 1568; x_wconf 82' lang='lat' dir='ltr'><strong>debilitat</strong></span> <span class='ocrx_word' id='word_1_170' title='bbox 831 1527 1050 1581; x_wconf 82' lang='lat' dir='ltr'><strong>speciem3</strong></span> <span class='ocrx_word' id='word_1_171' title='bbox 1102 1540 1204 1567; x_wconf 86' lang='lat' dir='ltr'><strong>nam</strong></span> <span class='ocrx_word' id='word_1_172' title='bbox 1246 1527 1428 1568; x_wconf 91' lang='lat' dir='ltr'><strong>omnino</strong></span> <span class='ocrx_word' id='word_1_173' title='bbox 1470 1533 1536 1569; x_wconf 90' lang='lat' dir='ltr'><strong>est</strong></span> <span class='ocrx_word' id='word_1_174' title='bbox 1578 1528 1620 1569; x_wconf 88' lang='lat' dir='ltr'><strong>in</strong></span> 
     </span>
    </p>

    <p class='ocr_par' dir='ltr' id='par_1_9' title="bbox 15 1592 1762 1929">
     <span class='ocr_line' id='line_1_21' title="bbox 15 1592 1762 1652; baseline 0.003 -19"><span class='ocrx_word' id='word_1_175' title='bbox 15 1607 54 1630; x_wconf 89' lang='lat'><strong>20</strong></span> <span class='ocrx_word' id='word_1_176' title='bbox 72 1592 335 1634; x_wconf 89' lang='lat' dir='ltr'><strong>contrarium</strong></span> <span class='ocrx_word' id='word_1_177' title='bbox 387 1601 572 1636; x_wconf 82' lang='lat' dir='ltr'><strong>conatus</strong></span> <span class='ocrx_word' id='word_1_178' title='bbox 620 1596 829 1638; x_wconf 86' lang='lat' dir='ltr'><strong>naturalis</strong></span> <span class='ocrx_word' id='word_1_179' title='bbox 858 1596 861 1651; x_wconf 91' lang='grc' dir='ltr'>Ι</span> <span class='ocrx_word' id='word_1_180' title='bbox 889 1596 1023 1651; x_wconf 86' lang='lat' dir='ltr'><strong>ipsius</strong></span> <span class='ocrx_word' id='word_1_181' title='bbox 1074 1597 1248 1651; x_wconf 86' lang='lat' dir='ltr'><strong>speciei,</strong></span> <span class='ocrx_word' id='word_1_182' title='bbox 1291 1597 1501 1650; x_wconf 88' lang='lat' dir='ltr'><strong>quoniam</strong></span> <span class='ocrx_word' id='word_1_183' title='bbox 1543 1611 1621 1652; x_wconf 91' lang='lat' dir='ltr'><strong>per</strong></span> <span class='ocrx_word' id='word_1_184' title='bbox 1642 1605 1677 1627; x_wconf 82' lang='lat'><strong>12</strong></span> <span class='ocrx_word' id='word_1_185' title='bbox 1697 1597 1716 1628; x_wconf 82' lang='lat' dir='ltr'>b</span> <span class='ocrx_word' id='word_1_186' title='bbox 1735 1606 1762 1628; x_wconf 86' lang='lat'><strong>2·</strong></span> 
     </span>
     <span class='ocr_line' id='line_1_22' title="bbox 72 1663 1619 1721; baseline 0.005 -18"><span class='ocrx_word' id='word_1_187' title='bbox 72 1663 258 1704; x_wconf 84' lang='lat' dir='ltr'><strong>eandem</strong></span> <span class='ocrx_word' id='word_1_188' title='bbox 290 1663 450 1706; x_wconf 91' lang='lat' dir='ltr'><strong>lineam</strong></span> <span class='ocrx_word' id='word_1_189' title='bbox 480 1665 595 1707; x_wconf 90' lang='lat' dir='ltr'><strong>redit</strong></span> <span class='ocrx_word' id='word_1_190' title='bbox 622 1666 789 1719; x_wconf 88' lang='lat' dir='ltr'><strong>species</strong></span> <span class='ocrx_word' id='word_1_191' title='bbox 818 1680 951 1720; x_wconf 88' lang='lat' dir='ltr'><strong>super</strong></span> <span class='ocrx_word' id='word_1_192' title='bbox 978 1680 1112 1721; x_wconf 88' lang='lat' dir='ltr'><strong>quam</strong></span> <span class='ocrx_word' id='word_1_193' title='bbox 1136 1668 1267 1709; x_wconf 91' lang='lat' dir='ltr'><strong>venit.</strong></span> <span class='ocrx_word' id='word_1_194' title='bbox 1332 1666 1411 1710; x_wconf 88' lang='lat' dir='ltr'><strong>Set</strong></span> <span class='ocrx_word' id='word_1_195' title='bbox 1439 1668 1619 1721; x_wconf 90' lang='lat' dir='ltr'><strong>quando</strong></span> 
     </span>
     <span class='ocr_line' id='line_1_23' title="bbox 71 1732 1618 1790; baseline 0.005 -18"><span class='ocrx_word' id='word_1_196' title='bbox 71 1738 135 1773; x_wconf 86' lang='lat' dir='ltr'><strong>est</strong></span> <span class='ocrx_word' id='word_1_197' title='bbox 157 1732 338 1775; x_wconf 85' lang='lat' dir='ltr'><strong>reflexio</strong></span> <span class='ocrx_word' id='word_1_198' title='bbox 360 1734 417 1776; x_wconf 91' lang='lat' dir='ltr'><strong>ad</strong></span> <span class='ocrx_word' id='word_1_199' title='bbox 439 1734 624 1788; x_wconf 84' lang='lat' dir='ltr'><strong>angulos</strong></span> <span class='ocrx_word' id='word_1_200' title='bbox 650 1735 863 1790; x_wconf 88' lang='lat' dir='ltr'><strong>obliquos,</strong></span> <span class='ocrx_word' id='word_1_201' title='bbox 885 1750 973 1779; x_wconf 87' lang='lat' dir='ltr'><strong>non</strong></span> <span class='ocrx_word' id='word_1_202' title='bbox 997 1743 1062 1778; x_wconf 89' lang='lat' dir='ltr'><strong>est</strong></span> <span class='ocrx_word' id='word_1_203' title='bbox 1084 1738 1264 1779; x_wconf 89' lang='lat' dir='ltr'><strong>omnino</strong></span> <span class='ocrx_word' id='word_1_204' title='bbox 1286 1737 1330 1778; x_wconf 91' lang='lat' dir='ltr'><strong>in</strong></span> <span class='ocrx_word' id='word_1_205' title='bbox 1351 1738 1618 1779; x_wconf 85' lang='lat' dir='ltr'><strong>contrariam</strong></span> 
     </span>
     <span class='ocr_line' id='line_1_24' title="bbox 70 1803 1616 1856; baseline 0.003 -12"><span class='ocrx_word' id='word_1_206' title='bbox 70 1809 257 1856; x_wconf 83' lang='lat' dir='ltr'><strong>partem,</strong></span> <span class='ocrx_word' id='word_1_207' title='bbox 303 1810 369 1846; x_wconf 89' lang='lat' dir='ltr'><strong>set</strong></span> <span class='ocrx_word' id='word_1_208' title='bbox 410 1818 436 1845; x_wconf 85' lang='lat' dir='ltr'><strong>a</strong></span> <span class='ocrx_word' id='word_1_209' title='bbox 476 1803 625 1855; x_wconf 88' lang='lat' dir='ltr'><strong>latere,</strong></span> <span class='ocrx_word' id='word_1_210' title='bbox 675 1813 719 1847; x_wconf 93' lang='lat' dir='ltr'><strong>et</strong></span> <span class='ocrx_word' id='word_1_211' title='bbox 768 1807 868 1848; x_wconf 91' lang='lat' dir='ltr'><strong>ideo</strong></span> <span class='ocrx_word' id='word_1_212' title='bbox 918 1820 1006 1847; x_wconf 90' lang='lat' dir='ltr'><strong>non</strong></span> <span class='ocrx_word' id='word_1_213' title='bbox 1058 1813 1231 1848; x_wconf 86' lang='lat' dir='ltr'><strong>tantum</strong></span> <span class='ocrx_word' id='word_1_214' title='bbox 1283 1806 1485 1849; x_wconf 89' lang='lat' dir='ltr'><strong>debilitat</strong></span> <span class='ocrx_word' id='word_1_215' title='bbox 1534 1807 1616 1848; x_wconf 92' lang='lat' dir='ltr'><strong>hec</strong></span> 
     </span>
     <span class='ocr_line' id='line_1_25' title="bbox 71 1872 1618 1929; baseline 0.003 -16"><span class='ocrx_word' id='word_1_216' title='bbox 71 1872 264 1924; x_wconf 83' lang='lat' dir='ltr'><strong>reflexio,</strong></span> <span class='ocrx_word' id='word_1_217' title='bbox 296 1873 408 1915; x_wconf 88' lang='lat' dir='ltr'><strong>sicut</strong></span> <span class='ocrx_word' id='word_1_218' title='bbox 449 1874 544 1925; x_wconf 85' lang='lat' dir='ltr'><strong>alia,</strong></span> <span class='ocrx_word' id='word_1_219' title='bbox 577 1882 791 1929; x_wconf 89' lang='lat' dir='ltr'><strong>quantum</strong></span> <span class='ocrx_word' id='word_1_220' title='bbox 824 1882 889 1918; x_wconf 87' lang='grc' dir='ltr'><strong>θεῖ</strong></span> <span class='ocrx_word' id='word_1_221' title='bbox 932 1877 987 1917; x_wconf 93' lang='lat' dir='ltr'><strong>de</strong></span> <span class='ocrx_word' id='word_1_222' title='bbox 1021 1883 1178 1918; x_wconf 82' lang='lat' dir='ltr'><strong>natura</strong></span> <span class='ocrx_word' id='word_1_223' title='bbox 1209 1875 1472 1927; x_wconf 84' lang='lat' dir='ltr'><strong>reflexionis‚</strong></span> <span class='ocrx_word' id='word_1_224' title='bbox 1503 1877 1618 1926; x_wconf 81' lang='lat' dir='ltr'><strong>dico,</strong></span> 
     </span>
    </p>

    <p class='ocr_par' dir='ltr' id='par_1_10' title="bbox 13 1944 1618 2123">
     <span class='ocr_line' id='line_1_26' title="bbox 13 1944 1618 2000; baseline 0.003 -18"><span class='ocrx_word' id='word_1_225' title='bbox 13 1959 52 1992; x_wconf 86' lang='lat'><strong>²5</strong></span> <span class='ocrx_word' id='word_1_226' title='bbox 71 1948 136 1983; x_wconf 87' lang='lat' dir='ltr'><strong>set</strong></span> <span class='ocrx_word' id='word_1_227' title='bbox 169 1949 352 1996; x_wconf 89' lang='lat' dir='ltr'><strong>propter</strong></span> <span class='ocrx_word' id='word_1_228' title='bbox 379 1944 730 1997; x_wconf 83' lang='lat' dir='ltr'><strong>geminacionem</strong></span> <span class='ocrx_word' id='word_1_229' title='bbox 759 1946 932 1987; x_wconf 87' lang='lat' dir='ltr'><strong>virtutis</strong></span> <span class='ocrx_word' id='word_1_230' title='bbox 962 1947 1005 1987; x_wconf 92' lang='lat' dir='ltr'><strong>in</strong></span> <span class='ocrx_word' id='word_1_231' title='bbox 1033 1947 1192 1987; x_wconf 91' lang='lat' dir='ltr'><strong>eodem</strong></span> <span class='ocrx_word' id='word_1_232' title='bbox 1223 1945 1334 1996; x_wconf 90' lang='lat' dir='ltr'><strong>loco,</strong></span> <span class='ocrx_word' id='word_1_233' title='bbox 1362 1953 1406 1987; x_wconf 93' lang='lat' dir='ltr'><strong>et</strong></span> <span class='ocrx_word' id='word_1_234' title='bbox 1436 1953 1618 2000; x_wconf 90' lang='lat' dir='ltr'><strong>propter</strong></span> 
     </span>
     <span class='ocr_line' id='line_1_27' title="bbox 71 2010 1618 2069; baseline 0.002 -17"><span class='ocrx_word' id='word_1_235' title='bbox 71 2010 356 2064; x_wconf 89' lang='lat' dir='ltr'><strong>equalitatem</strong></span> <span class='ocrx_word' id='word_1_236' title='bbox 378 2013 652 2066; x_wconf 86' lang='lat' dir='ltr'><strong>angulorum,</strong></span> <span class='ocrx_word' id='word_1_237' title='bbox 671 2020 715 2056; x_wconf 86' lang='lat' dir='ltr'><strong>et</strong></span> <span class='ocrx_word' id='word_1_238' title='bbox 737 2016 876 2057; x_wconf 91' lang='lat' dir='ltr'><strong>eciam</strong></span> <span class='ocrx_word' id='word_1_239' title='bbox 899 2015 1176 2056; x_wconf 90' lang='lat' dir='ltr'><strong>condiciones</strong></span> <span class='ocrx_word' id='word_1_240' title='bbox 1194 2015 1618 2069; x_wconf 88' lang='lat' dir='ltr'><strong>perpendicularum,</strong></span> 
     </span>
     <span class='ocr_line' id='line_1_28' title="bbox 69 2081 466 2123; baseline 0.005 -2"><span class='ocrx_word' id='word_1_241' title='bbox 69 2081 226 2122; x_wconf 90' lang='lat' dir='ltr'><strong>forcior</strong></span> <span class='ocrx_word' id='word_1_242' title='bbox 246 2087 311 2122; x_wconf 91' lang='lat' dir='ltr'><strong>est</strong></span> <span class='ocrx_word' id='word_1_243' title='bbox 332 2082 466 2123; x_wconf 89' lang='lat' dir='ltr'><strong>accio.</strong></span> 
     </span>
    </p>

    <p class='ocr_par' dir='ltr' id='par_1_11' title="bbox 70 2149 1619 2278">
     <span class='ocr_line' id='line_1_29' title="bbox 131 2149 1615 2207; baseline 0.002 -17"><span class='ocrx_word' id='word_1_244' title='bbox 131 2149 191 2190; x_wconf 85' lang='lat' dir='ltr'><strong>Et</strong></span> <span class='ocrx_word' id='word_1_245' title='bbox 212 2155 363 2191; x_wconf 89' lang='lat' dir='ltr'><strong>tamen</strong></span> <span class='ocrx_word' id='word_1_246' title='bbox 393 2151 762 2194; x_wconf 87' lang='lat' dir='ltr'><strong>considerandum</strong></span> <span class='ocrx_word' id='word_1_247' title='bbox 785 2159 851 2195; x_wconf 90' lang='grc' dir='ltr'>θεῖ</span> <span class='ocrx_word' id='word_1_248' title='bbox 871 2153 954 2205; x_wconf 91' lang='lat' dir='ltr'><strong>hic,</strong></span> <span class='ocrx_word' id='word_1_249' title='bbox 976 2155 1098 2206; x_wconf 87' lang='lat' dir='ltr'><strong>quod</strong></span> <span class='ocrx_word' id='word_1_250' title='bbox 1125 2167 1203 2207; x_wconf 89' lang='lat' dir='ltr'><strong>per</strong></span> <span class='ocrx_word' id='word_1_251' title='bbox 1223 2168 1371 2195; x_wconf 91' lang='lat' dir='ltr'><strong>casum</strong></span> <span class='ocrx_word' id='word_1_252' title='bbox 1395 2155 1615 2195; x_wconf 87' lang='lat' dir='ltr'><strong>radiorum</strong></span> 
     </span>
     <span class='ocr_line' id='line_1_30' title="bbox 70 2218 1619 2278; baseline 0.003 -19"><span class='ocrx_word' id='word_1_253' title='bbox 70 2219 126 2260; x_wconf 88' lang='lat' dir='ltr'><strong>ad</strong></span> <span class='ocrx_word' id='word_1_254' title='bbox 178 2218 364 2273; x_wconf 84' lang='lat' dir='ltr'><strong>angulos</strong></span> <span class='ocrx_word' id='word_1_255' title='bbox 411 2219 615 2274; x_wconf 90' lang='lat' dir='ltr'><strong>obliquos</strong></span> <span class='ocrx_word' id='word_1_256' title='bbox 661 2229 843 2276; x_wconf 85' lang='lat' dir='ltr'><strong>possunt</strong></span> <span class='ocrx_word' id='word_1_257' title='bbox 893 2223 1039 2277; x_wconf 86' lang='lat' dir='ltr'><strong>plures</strong></span> <span class='ocrx_word' id='word_1_258' title='bbox 1084 2224 1192 2265; x_wconf 86' lang='lat' dir='ltr'><strong>radii</strong></span> <span class='ocrx_word' id='word_1_259' title='bbox 1239 2224 1493 2278; x_wconf 80' lang='lat' dir='ltr'><strong>congregari</strong></span> <span class='ocrx_word' id='word_1_260' title='bbox 1541 2235 1619 2276; x_wconf 87' lang='lat' dir='ltr'><strong>per</strong></span> 
     </span>
    </p>

    <p class='ocr_par' dir='ltr' id='par_1_12' title="bbox 10 2289 1618 2416">
     <span class='ocr_line' id='line_1_31' title="bbox 10 2289 1618 2347; baseline 0.002 -18"><span class='ocrx_word' id='word_1_261' title='bbox 10 2289 441 2339; x_wconf 81' lang='lat' dir='ltr'><strong>30inte1·secci0nem,</strong></span> <span class='ocrx_word' id='word_1_262' title='bbox 467 2303 601 2344; x_wconf 89' lang='lat' dir='ltr'><strong>quam</strong></span> <span class='ocrx_word' id='word_1_263' title='bbox 636 2305 713 2345; x_wconf 93' lang='lat' dir='ltr'><strong>per</strong></span> <span class='ocrx_word' id='word_1_264' title='bbox 744 2292 888 2334; x_wconf 88' lang='lat' dir='ltr'><strong>radios</strong></span> <span class='ocrx_word' id='word_1_265' title='bbox 924 2293 1129 2334; x_wconf 87' lang='lat' dir='ltr'><strong>cadentes</strong></span> <span class='ocrx_word' id='word_1_266' title='bbox 1160 2294 1216 2334; x_wconf 88' lang='lat' dir='ltr'><strong>ad</strong></span> <span class='ocrx_word' id='word_1_267' title='bbox 1247 2292 1432 2347; x_wconf 82' lang='lat' dir='ltr'><strong>angulos</strong></span> <span class='ocrx_word' id='word_1_268' title='bbox 1464 2299 1618 2343; x_wconf 85' lang='lat' dir='ltr'><strong>rectos,</strong></span> 
     </span>
     <span class='ocr_line' id='line_1_32' title="bbox 70 2357 1616 2416; baseline 0.002 -17"><span class='ocrx_word' id='word_1_269' title='bbox 70 2370 158 2400; x_wconf 89' lang='lat' dir='ltr'><strong>non</strong></span> <span class='ocrx_word' id='word_1_270' title='bbox 200 2357 344 2400; x_wconf 86' lang='lat' dir='ltr'><strong>solum</strong></span> <span class='ocrx_word' id='word_1_271' title='bbox 388 2372 446 2400; x_wconf 85' lang='lat' dir='ltr'><strong>ex</strong></span> <span class='ocrx_word' id='word_1_272' title='bbox 488 2361 756 2414; x_wconf 88' lang='lat' dir='ltr'><strong>proprietate</strong></span> <span class='ocrx_word' id='word_1_273' title='bbox 797 2362 1090 2416; x_wconf 84' lang='lat' dir='ltr'><strong>speculorum,</strong></span> <span class='ocrx_word' id='word_1_274' title='bbox 1131 2368 1179 2404; x_wconf 88' lang='lat' dir='ltr'><strong>ut</strong></span> <span class='ocrx_word' id='word_1_275' title='bbox 1221 2362 1386 2406; x_wconf 86' lang='lat' dir='ltr'><strong>dictum</strong></span> <span class='ocrx_word' id='word_1_276' title='bbox 1430 2367 1508 2414; x_wconf 85' lang='lat' dir='ltr'><strong>est,</strong></span> <span class='ocrx_word' id='word_1_277' title='bbox 1551 2367 1616 2402; x_wconf 89' lang='lat' dir='ltr'><strong>set</strong></span> 
     </span>
    </p>
   </div>
   <div class='ocr_carea' id='block_1_3' title="bbox 70 2507 1618 2880">
    <p class='ocr_par' dir='ltr' id='par_1_13' title="bbox 73 2507 1614 2602">
     <span class='ocr_line' id='line_1_33' title="bbox 114 2507 1614 2549; baseline 0.002 -11"><span class='ocrx_word' id='word_1_278' title='bbox 114 2508 178 2546; x_wconf 89' lang='lat'><strong>6-7</strong></span> <span class='ocrx_word' id='word_1_279' title='bbox 201 2508 360 2539; x_wconf 78' lang='lat' dir='ltr'><strong>Fraceio</strong></span> <span class='ocrx_word' id='word_1_280' title='bbox 376 2517 468 2539; x_wconf 85' lang='lat' dir='ltr'><strong>vero</strong></span> <span class='ocrx_word' id='word_1_281' title='bbox 486 2531 492 2539; x_wconf 90' lang='lat'><strong>.</strong></span> <span class='ocrx_word' id='word_1_282' title='bbox 510 2531 518 2539; x_wconf 93' lang='lat'>.</span> <span class='ocrx_word' id='word_1_283' title='bbox 538 2529 547 2539; x_wconf 86' lang='lat'><strong><em>.</em></strong></span> <span class='ocrx_word' id='word_1_284' title='bbox 565 2509 693 2539; x_wconf 80' lang='lat' dir='ltr'><strong>minus</strong></span> <span class='ocrx_word' id='word_1_285' title='bbox 710 2507 903 2549; x_wconf 77' lang='lat' dir='ltr'><strong>debilitat]</strong></span> <span class='ocrx_word' id='word_1_286' title='bbox 922 2507 1070 2548; x_wconf 87' lang='lat' dir='ltr'><strong>Bridges</strong></span> <span class='ocrx_word' id='word_1_287' title='bbox 1088 2509 1108 2540; x_wconf 89' lang='lat' dir='ltr'><strong>i.</strong></span> <span class='ocrx_word' id='word_1_288' title='bbox 1132 2518 1203 2540; x_wconf 88' lang='lat'><strong>122.</strong></span> <span class='ocrx_word' id='word_1_289' title='bbox 1361 2518 1467 2548; x_wconf 87' lang='lat'><strong>21-31</strong></span> <span class='ocrx_word' id='word_1_290' title='bbox 1487 2508 1536 2549; x_wconf 72' lang='lat' dir='ltr'><strong>(p,</strong></span> <span class='ocrx_word' id='word_1_291' title='bbox 1557 2508 1614 2549; x_wconf 86' lang='lat'><strong>49)</strong></span> 
     </span>
     <span class='ocr_line' id='line_1_34' title="bbox 73 2559 1175 2602; baseline 0.003 -11"><span class='ocrx_word' id='word_1_292' title='bbox 73 2560 138 2592; x_wconf 74' lang='lat' dir='ltr'><strong>Set</strong></span> <span class='ocrx_word' id='word_1_293' title='bbox 154 2562 305 2597; x_wconf 80' lang='lat' dir='ltr'><strong>quando</strong></span> <span class='ocrx_word' id='word_1_294' title='bbox 321 2583 329 2592; x_wconf 87' lang='lat'><strong>.</strong></span> <span class='ocrx_word' id='word_1_295' title='bbox 349 2583 357 2592; x_wconf 88' lang='lat'><strong>.</strong></span> <span class='ocrx_word' id='word_1_296' title='bbox 375 2583 383 2590; x_wconf 88' lang='lat'>.</span> <span class='ocrx_word' id='word_1_297' title='bbox 401 2561 588 2593; x_wconf 78' lang='lat' dir='ltr'><strong>efficacius</strong></span> <span class='ocrx_word' id='word_1_298' title='bbox 607 2559 830 2602; x_wconf 76' lang='lat' dir='ltr'><strong>operantur]</strong></span> <span class='ocrx_word' id='word_1_299' title='bbox 848 2559 996 2600; x_wconf 87' lang='lat' dir='ltr'><strong>Bridges</strong></span> <span class='ocrx_word' id='word_1_300' title='bbox 1013 2561 1033 2592; x_wconf 88' lang='lat' dir='ltr'><strong>i.</strong></span> <span class='ocrx_word' id='word_1_301' title='bbox 1057 2571 1175 2601; x_wconf 88' lang='lat'>122-4.</span> 
     </span>
    </p>

    <p class='ocr_par' dir='ltr' id='par_1_14' title="bbox 70 2677 1618 2880">
     <span class='ocr_line' id='line_1_35' title="bbox 117 2677 1617 2719; baseline 0.002 -12"><span class='ocrx_word' id='word_1_302' title='bbox 117 2687 131 2707; x_wconf 92' lang='lat'>1</span> <span class='ocrx_word' id='word_1_303' title='bbox 159 2677 348 2708; x_wconf 85' lang='lat' dir='ltr'><strong>naturalem</strong></span> <span class='ocrx_word' id='word_1_304' title='bbox 366 2702 373 2709; x_wconf 94' lang='lat'><strong><em>.</em></strong></span> <span class='ocrx_word' id='word_1_305' title='bbox 392 2701 401 2710; x_wconf 88' lang='lat'>.</span> <span class='ocrx_word' id='word_1_306' title='bbox 421 2700 429 2709; x_wconf 94' lang='lat'>.</span> <span class='ocrx_word' id='word_1_307' title='bbox 447 2678 583 2709; x_wconf 88' lang='lat' dir='ltr'><strong>virtutis</strong></span> <span class='ocrx_word' id='word_1_308' title='bbox 599 2688 665 2709; x_wconf 83' lang='lat' dir='ltr'><strong>om.</strong></span> <span class='ocrx_word' id='word_1_309' title='bbox 680 2677 713 2708; x_wconf 83' lang='lat' dir='ltr'><em>F</em></span> <span class='ocrx_word' id='word_1_310' title='bbox 805 2688 822 2717; x_wconf 92' lang='lat'><strong>7</strong></span> <span class='ocrx_word' id='word_1_311' title='bbox 847 2677 1018 2719; x_wconf 81' lang='lat' dir='ltr'><strong>debilitat]</strong></span> <span class='ocrx_word' id='word_1_312' title='bbox 1036 2678 1191 2710; x_wconf 91' lang='lat' dir='ltr'><strong>debilitat</strong></span> <span class='ocrx_word' id='word_1_313' title='bbox 1208 2688 1282 2709; x_wconf 89' lang='lat' dir='ltr'><strong>eam</strong></span> <span class='ocrx_word' id='word_1_314' title='bbox 1300 2678 1335 2709; x_wconf 92' lang='lat' dir='ltr'><em>D</em></span> <span class='ocrx_word' id='word_1_315' title='bbox 1439 2689 1461 2719; x_wconf 92' lang='lat'>9</span> <span class='ocrx_word' id='word_1_316' title='bbox 1483 2679 1617 2712; x_wconf 87' lang='lat' dir='ltr'><strong>aceedit</strong></span> 
     </span>
     <span class='ocr_line' id='line_1_36' title="bbox 70 2729 1618 2772; baseline 0.003 -13"><span class='ocrx_word' id='word_1_317' title='bbox 70 2740 135 2761; x_wconf 85' lang='lat' dir='ltr'><strong>om.</strong></span> <span class='ocrx_word' id='word_1_318' title='bbox 157 2729 191 2759; x_wconf 90' lang='lat' dir='ltr'><em>F</em></span> <span class='ocrx_word' id='word_1_319' title='bbox 305 2740 345 2761; x_wconf 88' lang='lat'><strong>10</strong></span> <span class='ocrx_word' id='word_1_320' title='bbox 369 2729 544 2772; x_wconf 87' lang='lat' dir='ltr'><strong>densiore]</strong></span> <span class='ocrx_word' id='word_1_321' title='bbox 564 2729 715 2761; x_wconf 88' lang='lat' dir='ltr'><strong>densiori</strong></span> <span class='ocrx_word' id='word_1_322' title='bbox 732 2729 796 2761; x_wconf 88' lang='lat' dir='ltr'><strong>FD</strong></span> <span class='ocrx_word' id='word_1_323' title='bbox 925 2740 964 2769; x_wconf 90' lang='lat'><strong>14</strong></span> <span class='ocrx_word' id='word_1_324' title='bbox 988 2729 1075 2772; x_wconf 90' lang='lat' dir='ltr'><strong>non]</strong></span> <span class='ocrx_word' id='word_1_325' title='bbox 1093 2731 1181 2762; x_wconf 84' lang='lat' dir='ltr'><strong>sicut</strong></span> <span class='ocrx_word' id='word_1_326' title='bbox 1197 2730 1232 2761; x_wconf 92' lang='lat' dir='ltr'><em>D</em></span> <span class='ocrx_word' id='word_1_327' title='bbox 1361 2733 1400 2763; x_wconf 90' lang='lat'><strong>16</strong></span> <span class='ocrx_word' id='word_1_328' title='bbox 1424 2732 1481 2763; x_wconf 89' lang='lat' dir='ltr'><strong>illa</strong></span> <span class='ocrx_word' id='word_1_329' title='bbox 1498 2742 1564 2764; x_wconf 84' lang='lat' dir='ltr'><strong>om.</strong></span> <span class='ocrx_word' id='word_1_330' title='bbox 1581 2732 1618 2763; x_wconf 92' lang='lat' dir='ltr'><em>D</em></span> 
     </span>
     <span class='ocr_line' id='line_1_37' title="bbox 74 2781 1617 2825; baseline 0.003 -14"><span class='ocrx_word' id='word_1_331' title='bbox 74 2790 111 2820; x_wconf 88' lang='lat'><strong>17</strong></span> <span class='ocrx_word' id='word_1_332' title='bbox 136 2781 267 2813; x_wconf 88' lang='lat' dir='ltr'><strong>scilicet</strong></span> <span class='ocrx_word' id='word_1_333' title='bbox 283 2793 350 2814; x_wconf 86' lang='lat' dir='ltr'><strong>om.</strong></span> <span class='ocrx_word' id='word_1_334' title='bbox 368 2782 432 2814; x_wconf 84' lang='lat' dir='ltr'><strong>FD</strong></span> <span class='ocrx_word' id='word_1_335' title='bbox 568 2793 607 2823; x_wconf 93' lang='lat'><strong>19</strong></span> <span class='ocrx_word' id='word_1_336' title='bbox 630 2781 747 2824; x_wconf 87' lang='lat' dir='ltr'><strong>longe]</strong></span> <span class='ocrx_word' id='word_1_337' title='bbox 765 2782 943 2822; x_wconf 88' lang='lat' dir='ltr'><strong>longitudo</strong></span> <span class='ocrx_word' id='word_1_338' title='bbox 959 2782 993 2813; x_wconf 82' lang='lat' dir='ltr'><em>F</em></span> <span class='ocrx_word' id='word_1_339' title='bbox 1120 2793 1162 2814; x_wconf 87' lang='lat'><strong>22</strong></span> <span class='ocrx_word' id='word_1_340' title='bbox 1186 2783 1246 2825; x_wconf 89' lang='lat' dir='ltr'><strong>ad]</strong></span> <span class='ocrx_word' id='word_1_341' title='bbox 1265 2783 1328 2814; x_wconf 86' lang='lat' dir='ltr'><strong>alia</strong></span> <span class='ocrx_word' id='word_1_342' title='bbox 1345 2789 1505 2824; x_wconf 87' lang='lat' dir='ltr'><strong>quantum</strong></span> <span class='ocrx_word' id='word_1_343' title='bbox 1522 2786 1565 2816; x_wconf 84' lang='lat' dir='ltr'><strong>ad</strong></span> <span class='ocrx_word' id='word_1_344' title='bbox 1581 2784 1617 2815; x_wconf 92' lang='lat' dir='ltr'><em>D</em></span> 
     </span>
     <span class='ocr_line' id='line_1_38' title="bbox 70 2834 1615 2880; baseline 0.003 -16"><span class='ocrx_word' id='word_1_345' title='bbox 70 2835 114 2875; x_wconf 36' lang='lat'><strong>2‚6</strong></span> <span class='ocrx_word' id='word_1_346' title='bbox 137 2834 242 2865; x_wconf 88' lang='lat' dir='ltr'><strong>eciam</strong></span> <span class='ocrx_word' id='word_1_347' title='bbox 263 2845 328 2867; x_wconf 86' lang='lat' dir='ltr'><strong>om.</strong></span> <span class='ocrx_word' id='word_1_348' title='bbox 345 2835 409 2866; x_wconf 89' lang='lat' dir='ltr'><strong>FD</strong></span> <span class='ocrx_word' id='word_1_349' title='bbox 498 2846 541 2876; x_wconf 88' lang='lat'><strong>30</strong></span> <span class='ocrx_word' id='word_1_350' title='bbox 566 2834 1183 2876; x_wconf 82' lang='lat' dir='ltr'><strong>interseccionem]intersecationem</strong></span> <span class='ocrx_word' id='word_1_351' title='bbox 1199 2835 1235 2866; x_wconf 90' lang='lat' dir='ltr'><em>D</em></span> <span class='ocrx_word' id='word_1_352' title='bbox 1313 2846 1351 2876; x_wconf 88' lang='lat'><strong>31</strong></span> <span class='ocrx_word' id='word_1_353' title='bbox 1379 2837 1615 2880; x_wconf 85' lang='lat' dir='ltr'><strong>speculorum]</strong></span> 
     </span>
    </p>
   </div>
   <div class='ocr_carea' id='block_1_4' title="bbox 71 2886 314 2925">
    <p class='ocr_par' dir='ltr' id='par_1_15' title="bbox 71 2886 314 2925">
     <span class='ocr_line' id='line_1_39' title="bbox 71 2886 314 2925; baseline 0.008 -9"><span class='ocrx_word' id='word_1_354' title='bbox 71 2886 261 2925; x_wconf 88' lang='lat' dir='ltr'><strong>specierum</strong></span> <span class='ocrx_word' id='word_1_355' title='bbox 279 2887 314 2918; x_wconf 96' lang='lat' dir='ltr'><em>D</em></span> 
     </span>
    </p>
   </div>
  </div>
 </body>
</html>
