1934 3152
813 151 866 194 33

126 300 363 342 Dz‘stiuclz‘o
391 306 446 355 3³.
506 301 557 342 de
594 301 949 356 vmllz'plicacione
987 301 1216 343 secundum
1250 301 1389 343 lineas
1422 302 1605 355 reflexas

69 376 112 410 et
149 369 431 411 accidentales
465 377 507 411 et
543 377 756 413 tortuosas
791 379 833 413 et
855 371 1164 426 figuraeimes,
1199 377 1243 411 et
1276 371 1327 411 de
1367 371 1531 412 accione
1563 378 1605 411 et

67 440 342 493 corrttpcz'one
361 440 521 494 speciei.
582 439 760 482 Habeas
779 441 969 495 capitula
994 441 1098 481 tria.

133 507 379 563 Capitulum
401 510 601 563 primum
632 510 683 551 de
710 510 1066 564 wmltzplz'cacione
1093 508 1323 550 secundum
1354 516 1442 551 tres
1465 509 1606 550 lineas

33 594 50 626 5
70 578 220 619 dictas.

130 675 323 735 Quando
350 695 453 723 vero
481 695 638 736 corpus
667 683 907 724 secundum
936 688 1002 724 est
1029 682 1090 723 ita
1117 682 1313 733 densum,
1342 683 1461 735 quod
1488 681 1609 722 nullo

72 752 206 793 modo
248 751 464 805 permittit
500 752 731 793 transitum
765 751 938 806 speciei,
970 751 1069 793 dico
1101 751 1157 792 de
1188 750 1384 793 sensibili
1421 751 1609 793 transitu

70 827 283 875 quantum
321 821 377 861 ad
410 821 625 874 judicium
667 821 785 862 visus
822 821 1015 870 humani,
1051 828 1155 863 tunc
1197 821 1383 862 dicimus
1416 820 1610 874 speciem

70 890 247 932 reflecti.
298 889 551 932 Secundum
582 904 683 932 vero
704 889 994 931 Aristotelem
1024 895 1068 930 et
1101 890 1308 931 Boetium
1329 890 1448 931 visus
1485 888 1610 931 lincis

13 979 52 1002 10
71 966 271 1014 penetrat
293 960 491 1013 parietes.
556 961 676 1014 Ergo
707 960 872 1014 species
903 960 1059 1001 transit
1091 960 1334 1001 secundum
1365 959 1610 1009 veritatem,

71 1037 114 1071 et
133 1029 214 1071 hoc
244 1037 309 1071 est
333 1044 506 1071 verum:
545 1037 610 1071 set
627 1030 746 1071 visus
768 1029 960 1070 hominis
982 1042 1068 1070 non
1088 1028 1256 1082 judicat
1278 1029 1332 1069 de
1354 1027 1450 1076 hoc,
1468 1035 1533 1069 set
1555 1029 1610 1069 de

71 1098 311 1141 reflexione
332 1113 417 1153 que
439 1100 680 1141 necessario
698 1099 759 1140 fit.
789 1098 793 1153 Ι
825 1099 941 1140 Nam
958 1105 1139 1152 propter
1151 1097 1456 1139 difficultatem
1473 1104 1610 1140 trans·
1629 1113 1649 1146 9
1665 1115 1685 1136 a
1703 1113 1734 1137 α.

71 1170 156 1210 itus
194 1182 271 1223 per
302 1169 501 1220 densum,
534 1183 634 1210 cum
667 1169 710 1209 in
742 1182 842 1210 aere
878 1183 903 1209 a
934 1181 1021 1222 quo
1051 1168 1184 1216 venit,
1218 1167 1408 1209 inveniat
1440 1167 1608 1209 facilem

71 1239 198 1288 viam,
218 1238 483 1292 multiplicat
504 1252 551 1279 se
573 1238 791 1292 copiosius
815 1238 856 1278 in

13 1325 50 1358 15
73 1314 242 1363 partem
280 1322 306 1349 a
343 1321 429 1362 qua
463 1308 593 1350 venit.
674 1309 735 1349 Et
775 1308 859 1349 hoc
1209 1301 1240 1328 α
1504 1305 1535 1346 cl

71 1385 220 1434 potest
265 1391 360 1421 esse
400 1378 543 1432 primo
585 1379 628 1419 in
668 1378 860 1432 generali

71 1449 246 1490 duobus
278 1448 447 1497 modis;
488 1462 591 1488 nam
627 1454 704 1490 aut
741 1448 860 1489 cadit

71 1517 486 1573 perpendiculariter
507 1532 636 1573 super
661 1519 859 1568 densum,

71 1594 115 1629 et
146 1595 251 1630 tunc
282 1588 394 1629 redit
426 1587 469 1628 in
499 1601 545 1628 se
574 1588 753 1629 omnino
783 1600 861 1641 per

13 1679 52 1701 20
71 1659 256 1699 eandem
298 1658 415 1698 viam
457 1671 482 1698 a
526 1672 613 1712 qua
648 1658 778 1706 venit,
816 1664 859 1698 et
1216 1664 1238 1705 b
1387 1668 1407 1695 c
1569 1669 1596 1708 ‚q

70 1728 319 1782 geminatur
336 1728 482 1769 radius
505 1728 548 1769 in
572 1729 729 1770 eodem
752 1727 860 1780 loco,
1207 1743 1288 1774 Fm,
1307 1741 1337 1773 6.

70 1804 118 1839 ut
147 1797 200 1839 ab
235 1798 383 1839 radius
413 1799 532 1840 cadit
569 1798 859 1851 perpendicu-

70 1867 227 1916 lariter,
256 1874 300 1909 et
331 1868 414 1909 hoc
442 1868 486 1908 in
517 1867 658 1921 planis
689 1868 747 1909 ad
780 1866 964 1922 angulos
992 1871 1147 1918 rectos,
1169 1871 1218 1906 ut
1249 1867 1432 1907 docetur
1462 1865 1504 1906 in
1535 1878 1612 1905 un-

71 1938 243 1978 decimo
270 1936 516 1989 Geometrz'e,
541 1938 652 1979 sicut
684 1938 726 1978 in
759 1937 936 1991 spericis
967 1937 1144 1990 quando
1175 1935 1294 1976 cadit
1325 1935 1369 1975 in
1401 1941 1611 1977 centrum.

12 2025 51 2057 25
74 2006 133 2048 Et
176 2020 306 2049 causa
347 2007 475 2062 hujus
518 2015 597 2057 est,
635 2008 739 2061 quia
775 2006 963 2060 angulus
1000 2005 1242 2046 incidencie
1280 2011 1323 2046 et
1364 2003 1612 2045 reflexionis

73 2090 245 2130 semper
286 2083 389 2119 sunt
429 2077 618 2131 equales,
661 2082 710 2118 ut
751 2076 985 2130 multiplex
1028 2075 1348 2117 demonstracio
1390 2074 1531 2122 docet,
1570 2079 1613 2115 et

71 2152 248 2188 autores
269 2160 422 2188 omnes
443 2153 713 2201 supponunt,
735 2153 779 2188 et
799 2146 1092 2187 instrumenta
1108 2145 1164 2186 ad
1184 2144 1267 2185 hoc
1290 2143 1406 2185 facta
1428 2143 1614 2185 edocent

25 2201 28 2213 ¹
71 2217 128 2257 ad
160 2216 348 2257 oculum.
412 2215 491 2258 Set
521 2229 607 2257 non
632 2222 735 2257 sunt
763 2216 847 2256 nisi
871 2215 958 2256 duo
980 2214 1130 2269 anguli
1153 2214 1258 2255 recti
1281 2227 1338 2254 ex
1359 2226 1461 2255 casu
1483 2211 1536 2253 ab
1557 2213 1614 2254 ad

72 2286 269 2327 densum.
333 2286 454 2340 Ergo
480 2300 558 2339 per
588 2285 766 2327 eosdem
796 2285 956 2326 redibit
986 2284 1134 2325 radius
1156 2282 1357 2334 reflexus,
1380 2288 1424 2323 et
1446 2281 1546 2323 ideo
1570 2281 1613 2322 in

32 2377 53 2399 0
71 2357 228 2398 eodem
259 2356 368 2398 loco.
439 2355 517 2397 Set
550 2355 661 2396 linea
681 2369 732 2396 ac
762 2368 848 2408 que
877 2354 997 2396 cadit
1028 2353 1084 2394 ad
1116 2353 1319 2407 obliquos
1349 2351 1546 2406 angulos,
1567 2358 1610 2393 et

71 2440 159 2468 non
184 2425 610 2480 perpendiculariter,
628 2438 714 2465 non
731 2424 842 2466 redit
865 2424 907 2464 in
924 2423 1127 2477 seipsam,
1141 2429 1206 2464 set
1225 2435 1363 2475 usque
1376 2421 1417 2472 d,
1431 2426 1613 2475 propter

113 2537 202 2567 6-10
219 2535 271 2576 (p.
288 2536 346 2576 35)
372 2535 533 2571 Quando
550 2542 641 2564 vero
659 2542 794 2569 corpus
811 2556 818 2563 .
839 2556 846 2564 .
865 2557 871 2564 .
891 2534 994 2569 quod
1010 2534 1137 2568 posset
1153 2529 1269 2571 obici]
1288 2529 1435 2570 Bridges
1450 2529 1471 2561 i.
1494 2530 1608 2568 114-6.

70 2598 92 2628 9
114 2580 359 2620 Aristotelem
381 2591 418 2619 et
441 2584 633 2627 Boetium]
655 2584 830 2624 Boethius,
851 2584 902 2615 De
919 2583 1015 2615 Cons.
1034 2583 1057 2615 1.
1076 2583 1121 2623 iii,
1141 2593 1193 2624 pr.
1211 2584 1242 2614 8.
1287 2582 1363 2614 The
1379 2585 1565 2614 statement
1582 2581 1611 2613 is

71 2645 132 2672 not
148 2641 252 2672 found
272 2641 305 2671 in
322 2639 498 2671 Aristotle.

114 2749 134 2769 2
159 2736 417 2778 Figuraciones]
434 2736 621 2768 secundum
640 2734 867 2774 figuraciones
883 2732 947 2764 FD
1149 2741 1213 2772 2-5
1239 2736 1272 2763 et
1289 2755 1296 2763 .
1317 2755 1324 2763 .
1344 2755 1352 2762 .
1369 2730 1477 2763 dictas
1493 2741 1559 2764 om.
1578 2730 1613 2761 D

74 2801 110 2822 11
123 2795 174 2832 pr.
193 2790 258 2822 hoc
268 2801 333 2822 om.
344 2790 379 2820 D
426 2799 464 2820 12
481 2786 734 2828 difficultatem]
749 2787 966 2818 difficutatem
983 2785 1025 2816 M
1068 2795 1106 2825 13
1124 2784 1175 2826 in]
1188 2795 1256 2816 non
1269 2784 1302 2815 F
1341 2793 1379 2815 21
1399 2783 1610 2824 geminatur]

70 2842 298 2886 generatur-D
381 2852 422 2882 23
439 2841 522 2883 hoc]
540 2842 605 2873 hoc
617 2845 670 2872 est
681 2839 715 2870 F
781 2850 823 2878 24
841 2837 1039 2880 undecimo]
1051 2843 1085 2869 2⁰
1097 2837 1132 2868 D
1199 2847 1241 2877 29
1257 2836 1413 2878 eosdem]
1427 2837 1564 2868 easdem
1577 2836 1614 2866 D

140 2924 166 2942 R.
183 2924 208 2941 Β.
226 2924 243 2941 Η
827 2906 859 2937 D
