1934 3152
834 130 913 172 109

102 231 227 282 tario,
250 238 315 273 set
338 245 394 272 ex
418 232 579 272 virtute
603 232 788 273 naturali
807 246 883 273 sue
901 233 1152 274 substancie
1176 239 1219 273 et
1241 233 1439 287 appetitu
1457 234 1642 276 naturali

101 316 190 356 quo
218 301 377 343 dicitur
403 301 572 342 salvare
603 314 763 355 corpus
796 302 863 343 cui
897 302 1043 344 unitur
1069 309 1112 343 et
1139 315 1374 356 personam
1397 317 1483 356 que
1513 303 1562 344 fit
1584 318 1641 345 ex

103 371 179 413 eis.
234 370 294 412 Et
325 370 526 411 similiter
557 371 700 411 omnis
727 370 813 412 alia
835 371 1038 425 operacio
1056 385 1141 425 que
1163 371 1212 412 fit
1238 385 1264 412 a
1286 386 1364 413 sua
1385 373 1639 414 substancia

100 440 263 482 virtute
286 439 487 488 naturali,
510 446 558 480 ut
588 438 820 481 influencia
840 441 1053 482 virtutum
1082 441 1125 480 in
1153 441 1320 482 semine
1352 455 1431 495 pro
1462 455 1640 496 genera-

65 509 228 559 5cione
268 509 402 564 prolis
444 515 510 550 est
552 508 771 550 naturalis.
850 509 922 558 Et,
957 515 1004 550 ut
1055 510 1261 552 brevibus
1301 511 1458 562 dicam,
1495 512 1641 552 omnis

101 579 307 633 operacio
337 591 424 632 que
455 577 505 618 fit
537 578 593 618 ab
625 591 677 618 ea
703 591 791 619 non
823 592 900 631 per
931 579 1322 632 apprehensionem
1350 578 1356 636 Ι
1385 594 1463 621 nec
1504 594 1636 635 appe·
1662 589 1700 622 F.
1718 599 1757 630 92
1777 590 1798 621 b
1818 599 1845 621 1.

101 646 233 690 titum
276 647 553 696 racionalem,
595 653 662 688 set
704 661 782 701 per
817 661 942 689 suam
977 648 1273 690 substanciam
1306 650 1495 692 activam
1531 650 1640 691 alte-

102 725 273 760 tantem
296 730 455 772 corpus
477 731 603 758 suum
626 717 695 758 vel
718 730 875 770 corpus
902 718 1079 759 seminis
1098 732 1179 771 pro
1201 719 1334 772 prole,
1352 719 1421 760 vel
1444 719 1640 761 medium

102 793 147 828 et
168 800 354 841 corpora
374 786 418 827 in
441 786 588 828 medio
620 800 698 841 per
730 785 1007 827 influenciam
1029 787 1253 840 virtutum,
1275 788 1329 829 de
1350 802 1439 841 qua
1460 789 1641 831 accione

42 875 81 897 10
100 857 268 898 dictum
292 861 358 897 est
381 856 424 896 in
447 856 587 909 prima
612 861 737 909 parte
759 855 888 910 hujus
911 856 1020 905 libri,
1043 864 1110 898 est
1134 857 1357 899 naturalis.

158 925 264 967 Alie
300 939 404 967 vero
441 931 544 966 sunt
583 925 866 978 operaciones
897 926 1044 967 anime
1075 939 1175 967 cum
1207 927 1557 980 apprehensione
1595 935 1640 970 et

100 1008 201 1037 cum
232 995 433 1050 appetitu
458 993 725 1045 voluntario,
749 1001 815 1036 set
847 994 928 1036 hee
960 1002 1142 1048 possunt
1173 995 1264 1037 fieri
1295 1010 1393 1038 cum
1427 997 1641 1039 delibera-

98 1065 222 1107 cione
268 1065 471 1117 racionis,
506 1071 551 1106 et
590 1070 694 1105 tunc
731 1078 819 1105 non
857 1065 1060 1106 dicuntur
1101 1065 1336 1114 naturales,
1373 1073 1416 1108 et
1455 1075 1639 1120 possunt

98 1133 194 1176 fieri
235 1147 323 1175 non
365 1147 467 1175 cum
498 1132 820 1175 deliberacione
851 1141 894 1175 et
926 1140 1028 1176 tunc
1071 1135 1276 1176 dicuntur
1316 1136 1547 1188 naturales,
1589 1144 1638 1178 ut

43 1223 80 1254 15
100 1204 242 1245 ridere
273 1210 317 1245 et
348 1216 526 1257 gemere
568 1210 611 1244 et
653 1203 918 1257 hujusmodi.
982 1204 1133 1245 Homo
1174 1205 1292 1245 enim
1335 1219 1422 1246 non
1466 1220 1639 1259 semper

98 1281 143 1315 et
174 1273 218 1314 in
249 1273 369 1315 omni
402 1279 520 1314 statu
555 1272 773 1314 deliberat
810 1287 889 1314 nec
926 1273 1061 1315 habet
1098 1287 1224 1314 usum
1262 1275 1458 1324 racionis,
1492 1282 1539 1316 ut
1574 1277 1638 1316 in-

91 1343 238 1384 ·fantes
258 1349 361 1384 ante
383 1356 509 1384 usum
540 1342 663 1384 liberi
695 1341 878 1393 arbitrii,
898 1343 1015 1384 unde
1042 1343 1104 1384 eis
1138 1356 1226 1385 non
1254 1350 1320 1385 est
1349 1345 1639 1399 propositum,

98 1420 165 1454 set
193 1418 330 1466 agunt
372 1419 420 1453 ut
461 1418 627 1461 natura,
670 1418 714 1453 et
760 1412 801 1453 in
842 1426 1031 1466 sompno
1071 1413 1281 1462 similiter,
1328 1414 1444 1454 unde
1483 1415 1637 1455 ambu-

97 1482 239 1524 lantes
270 1482 314 1522 in
350 1495 538 1537 sompno
567 1488 804 1535 operantur
833 1480 1087 1523 naturaliter
1121 1489 1165 1524 et
1195 1496 1283 1523 non
1313 1497 1391 1537 per
1423 1483 1636 1526 delibera-

40 1571 80 1592 20
95 1552 285 1601 cionem,
315 1558 359 1593 et
396 1551 544 1593 furiosi
581 1558 626 1593 et
655 1551 791 1600 stulti,
821 1551 1078 1594 naturaliter
1114 1558 1251 1606 agunt
1283 1553 1398 1593 enim
1430 1559 1478 1594 ut
1509 1553 1638 1595 bruta

97 1620 314 1662 animalia.
377 1621 496 1662 Nam
523 1621 628 1663 licet
657 1635 808 1662 eorum
835 1635 969 1675 opera
994 1621 1082 1662 sint
1104 1621 1263 1662 similia
1282 1623 1489 1676 operibus
1512 1622 1636 1665 factis

97 1705 156 1732 ex
177 1690 514 1742 deliberacione,
533 1705 620 1732 non
643 1698 793 1732 tamen
815 1691 981 1732 habent
1005 1704 1132 1731 usum
1156 1690 1279 1732 liberi
1301 1690 1475 1733 arbitrii.
1538 1693 1634 1735 Nee

98 1760 271 1810 mirum,
296 1773 396 1802 cum
424 1760 559 1801 homo
590 1774 723 1802 sanus
751 1767 795 1802 et
816 1761 1003 1816 vigilans
1035 1766 1078 1801 et
1109 1759 1299 1813 perfecte
1322 1762 1461 1811 etatis,
1484 1762 1526 1802 in
1549 1776 1635 1816 qua

97 1829 232 1872 habet
267 1829 520 1872 libertatern
561 1830 740 1880 arbitrii,
775 1830 879 1872 facit
916 1829 1056 1871 multa
1094 1830 1186 1870 sine
1223 1829 1550 1879 deliberacione,
1586 1838 1634 1873 ut

39 1923 77 1953 25
97 1913 198 1941 cum
229 1899 419 1941 obicitur
450 1900 488 1940 ei
519 1900 734 1941 tristabile
765 1899 834 1941 vel
866 1898 1126 1941 delectabile
1157 1899 1318 1948 subito,
1345 1905 1449 1941 tunc
1479 1900 1633 1941 multo-

97 1969 214 2012 ciens
249 1975 487 2023 antequam
529 1969 754 2017 deliberet,
792 1969 991 2010 tristatur
1032 1975 1076 2009 et
1118 1967 1253 2019 dolet,
1289 1975 1333 2009 et
1374 1969 1499 2010 timet
1543 1976 1586 2011 et
1626 1969 1630 2026 Ι

96 2039 314 2090 abhorret,
347 2045 392 2080 et
430 2039 643 2086 irascitur,
680 2046 724 2080 et
760 2038 1026 2092 hujusmodi,
1066 2045 1110 2079 et
1147 2045 1326 2092 propter
1370 2039 1633 2082 delectabile
1652 2048 1731 2088 30b
1752 2057 1779 2079 1.

96 2110 273 2164 gaudet,
302 2107 488 2160 exultat,
522 2108 774 2160 admiratur,
809 2114 969 2162 sperat,
1010 2114 1054 2148 et
1089 2113 1193 2149 tunc
1227 2108 1284 2148 de
1319 2108 1434 2149 sacili
1466 2109 1632 2162 profert

96 2191 227 2219 voces
256 2176 554 2232 significantes
586 2177 846 2219 naturaliter
868 2182 911 2218 et
933 2190 1020 2217 non
1048 2177 1104 2218 ad
1127 2177 1352 2230 placitum,
1374 2179 1418 2220 id
1448 2186 1524 2229 est,
1546 2194 1634 2233 que

37 2271 78 2302 30
98 2261 185 2289 non
207 2247 414 2301 imposite
434 2254 536 2289 sunt
557 2248 613 2288 ad
634 2246 979 2301 significandum,
1002 2253 1069 2288 set
1091 2246 1201 2288 sicut
1223 2247 1266 2287 in
1294 2247 1433 2288 brutis
1460 2250 1632 2301 accidit,

96 2317 215 2372 quod
238 2317 494 2371 exprimunt
515 2330 618 2357 suos
641 2317 823 2358 affectus
846 2316 939 2357 sine
961 2314 1292 2366 deliberacione,
1315 2323 1357 2358 et
1379 2317 1506 2358 simul
1530 2332 1630 2360 cum

96 2386 280 2429 vocibus
305 2386 467 2427 talibus
498 2386 634 2427 homo
666 2386 810 2427 adhuc
842 2391 944 2426 ante
975 2384 1342 2427 deliberacionem
1368 2386 1472 2428 facit
1494 2387 1633 2429 multa

96 2469 243 2510 opera,
269 2462 318 2497 ut
350 2456 473 2504 ridet,
501 2461 545 2496 et
575 2454 733 2508 plorat,
761 2461 805 2496 et
837 2459 995 2503 cantat,
1018 2460 1093 2495 aut
1123 2455 1273 2508 gemit,
1296 2461 1339 2496 et
1371 2455 1507 2497 alium
1537 2471 1633 2511 per-

98 2525 217 2573 c-utit,
249 2524 318 2566 vel
355 2524 477 2578 fugit,
510 2523 578 2565 vel
610 2524 889 2577 consequitur
919 2523 1097 2576 aliquid.
1162 2524 1222 2565 Et
1254 2524 1366 2566 inter
1397 2539 1526 2567 voces
1556 2527 1634 2568 has

141 2616 162 2646 8
186 2614 352 2656 medium]
382 2615 530 2646 medium
551 2620 585 2646 et
610 2624 756 2654 corpora
777 2615 810 2644 in
838 2615 984 2644 medium
1003 2614 1037 2644 F
1162 2625 1184 2654 9
1206 2615 1386 2656 virtutum]
1408 2616 1545 2648 virtutis
1569 2616 1634 2647 FD

102 2677 140 2699 12
159 2673 213 2710 pr.
236 2678 311 2699 cum
327 2677 392 2699 om.
412 2667 448 2697 D
584 2677 689 2706 13—14
714 2671 879 2706 possunt.
900 2691 907 2698 .
926 2690 933 2697 .
954 2671 990 2697 ut
1006 2677 1073 2697 om.
1092 2666 1126 2697 F
1250 2678 1287 2706 14
1313 2678 1381 2698 non
1399 2667 1492 2710 curn]
1509 2668 1583 2700 sine
1600 2669 1634 2699 D

101 2721 207 2760 18-19
230 2720 385 2752 similiter
397 2743 404 2750 .
420 2744 427 2750 .
442 2743 450 2750 .
465 2729 606 2760 sompno
616 2730 682 2750 om.
699 2719 741 2749 M
826 2720 868 2749 26
890 2723 925 2750 et
936 2718 1045 2760 dolet]
1061 2719 1114 2750 vel
1127 2718 1265 2751 doletF
1349 2730 1389 2760 27
1415 2719 1633 2762 delectabile]

98 2772 382 2804 delectaccionem
407 2772 442 2802 D
633 2782 677 2811 30
708 2772 830 2803 accidit
854 2782 918 2803 om.
947 2771 981 2802 D
1179 2782 1218 2812 31
1245 2772 1402 2814 affectus]
1428 2773 1582 2806 desectus
1606 2774 1639 2805 F

77 2833 140 2865 *32
164 2824 292 2867 adhuc]
310 2825 352 2855 ad
370 2825 460 2856 hunc
479 2824 511 2854 F
615 2835 658 2864 33
682 2829 796 2856 et...
817 2829 872 2855 aut
890 2848 897 2855 .
920 2849 926 2855 .
947 2848 953 2854 .
971 2823 1021 2865 et]
1040 2824 1115 2856 vel.
1136 2848 1143 2856 .
1163 2848 1170 2856 .
1193 2825 1246 2856 vel
1264 2849 1270 2856 .
1292 2849 1299 2856 .
1323 2851 1329 2858 .
1347 2825 1402 2856 vel
1418 2825 1483 2857 FD
