1934 3152
821 114 866 154 91

80 216 224 269 posita
242 222 309 257 est
326 215 552 268 quoddam
570 216 772 270 generale
787 216 1085 270 compositum
1104 216 1160 257 ad
1178 229 1330 257 omnes
1348 216 1618 258 substancias

80 284 347 339 compositas
389 284 607 339 speciales,
651 286 712 325 sic
760 292 908 340 potest
954 285 1036 327 dici
1079 285 1197 339 quod
1240 285 1435 339 quelibet
1478 286 1618 327 forma

79 354 280 409 specifica
303 355 345 395 in
363 355 628 396 substanciis
649 355 906 409 compositis
928 360 995 396 est
1013 355 1152 396 forma
1172 354 1491 402 substancialis‚
1514 370 1618 410 ergo

79 425 162 466 hoc
184 425 304 478 quod
327 430 391 466 est
409 424 712 465 substancialis
731 424 869 465 forma
892 431 957 466 est
979 424 1142 478 aliquid
1163 438 1397 466 commune
1418 425 1620 467 omnibus

43 513 60 543 5
78 494 228 535 formis
256 492 260 549 Ι
288 493 512 547 specificis.
578 493 690 534 Item
714 500 834 547 patet
856 494 974 549 quod
1003 495 1185 536 materia
1206 495 1415 537 naturalis
1444 509 1530 537 non
1554 502 1620 536 est

80 564 261 606 materia
283 577 391 617 pura
421 570 487 605 set
509 565 818 618 compositum,
842 565 945 617 quia
975 565 1156 606 materia
1182 579 1269 607 non
1298 572 1363 607 est
1386 580 1452 606 res
1475 579 1553 619 per
1574 580 1620 607 se

79 634 287 684 existens,
320 640 386 674 set
422 646 523 673 cum
561 633 712 685 forma,
749 641 792 676 et
829 634 890 676 sic
923 634 973 676 fit
1009 635 1316 689 compositum,
1354 636 1473 677 unde
1509 635 1622 676 linea

79 703 423 757 compositorum
457 709 522 744 est
552 717 655 744 vera
686 703 799 745 linea
831 704 1141 757 generacionis.
1208 703 1288 746 Set
1316 711 1464 746 tamen
1494 705 1620 759 posui

80 772 315 814 divisiones
345 771 483 813 forme
514 779 558 814 et
593 774 775 815 materie
805 780 853 815 ut
884 781 1095 829 appareat
1124 775 1351 829 quomodo
1381 774 1619 830 generalis-

23 864 61 885 10
80 842 190 883 sima
211 849 312 884 sunt
341 842 413 893 ibi,
442 849 486 884 et
513 843 681 898 species
711 850 754 885 et
781 843 1043 894 differencie,
1066 845 1179 885 sicut
1203 845 1246 886 in
1269 845 1542 898 composito:
1577 850 1621 886 et

80 911 268 965 qualiter
297 911 458 966 singuli
481 914 643 966 gradus
665 914 900 967 compositi
923 913 1034 956 fiunt
1056 927 1114 954 ex
1138 915 1327 969 propriis
1350 921 1393 956 et
1415 914 1621 955 determi-

80 981 193 1023 natis
214 982 425 1035 gradibus
455 983 634 1024 materie
664 991 707 1025 et
736 983 886 1025 forme.
950 984 1064 1026 Item
1096 989 1219 1039 patet
1250 984 1305 1025 ad
1339 997 1514 1025 sensum
1546 984 1620 1025 ubi

80 1051 298 1093 invenitur
330 1053 513 1093 materia
544 1052 766 1094 naturalis.
833 1053 950 1094 Nam
982 1054 1023 1094 in
1056 1058 1101 1107 3⁰
1132 1054 1284 1107 gradu,
1315 1054 1488 1104 scilicet,
1519 1067 1620 1094 cum

80 1121 238 1162 dicitur
282 1134 442 1176 corpus
483 1136 572 1163 non
614 1123 785 1172 celeste,
825 1124 910 1165 hoc
956 1124 1073 1164 enim
1116 1130 1183 1165 est
1219 1136 1453 1165 commune
1493 1130 1535 1164 et
1577 1124 1620 1164 in

22 1212 58 1243 15
81 1191 284 1245 potencia
310 1198 353 1232 et
383 1192 636 1234 immediate
658 1194 712 1234 ad
741 1193 890 1234 omnia
916 1193 1199 1247 generabilia.
1261 1193 1392 1241 Nam,
1418 1199 1465 1233 ut
1487 1198 1624 1247 patet,

81 1260 166 1302 hoc
188 1260 398 1302 dividitur
419 1261 463 1302 in
481 1261 699 1303 elementa
717 1270 759 1303 et
777 1264 936 1313 mixta,
959 1277 1044 1316 que
1060 1262 1203 1304 solum
1223 1269 1324 1303 sunt
1341 1261 1621 1315 generabilia,

81 1338 145 1377 set
168 1344 326 1384 corpus
350 1331 551 1374 absolute
573 1339 804 1386 acceptum
827 1333 868 1374 in
895 1339 938 1376 20
955 1334 1095 1387 gradu
1119 1339 1185 1374 est
1206 1345 1441 1374 commune
1462 1330 1555 1374 celo
1577 1338 1621 1373 et

80 1414 171 1441 non
201 1401 311 1453 celo,
334 1407 378 1442 et
411 1401 552 1443 celum
582 1409 646 1444 est
676 1403 971 1456 ingenerabile
997 1409 1178 1458 propter
1206 1402 1324 1455 quod
1357 1415 1445 1443 non
1473 1408 1620 1456 potest

81 1470 188 1513 illud
209 1484 302 1512 esse
326 1472 510 1513 materia
539 1473 855 1526 generabilium
885 1474 1072 1528 propria,
1096 1480 1140 1515 et
1169 1472 1310 1514 multo
1340 1472 1482 1512 minus
1513 1471 1615 1512 sub—

23 1560 62 1582 20
81 1540 248 1582 stancia
261 1555 347 1594 que
359 1548 424 1582 est
441 1555 579 1595 genus
595 1542 986 1597 generalissimum.
1049 1542 1166 1584 Nam
1188 1542 1262 1584 illa
1283 1548 1348 1583 est
1370 1541 1616 1583 communis

81 1610 379 1665 spiritualibus
401 1617 444 1653 et
473 1613 782 1667 corporalibus.
848 1614 962 1654 Item
985 1619 1108 1667 patet
1131 1613 1358 1667 quomodo
1386 1611 1616 1665 quodlibet

81 1693 219 1734 genus
264 1681 492 1723 descendit
534 1682 578 1722 in
621 1683 730 1724 duas
779 1682 1050 1725 differencias
1090 1683 1147 1724 ad
1199 1696 1308 1736 quas
1345 1687 1411 1723 est
1453 1682 1495 1722 in
1536 1696 1616 1735 po-

81 1750 236 1800 tencia,
259 1757 302 1792 et
334 1751 378 1792 in
420 1752 531 1792 duas
561 1753 728 1806 species
769 1760 816 1794 ut
857 1753 918 1795 sic
959 1759 1157 1794 sumatur
1188 1751 1371 1793 materia
1411 1751 1621 1792 naturalis

83 1821 267 1862 duarum
321 1822 566 1875 specierum
614 1837 699 1877 que
753 1828 1103 1864 transmutantur
1153 1821 1266 1864 circa
1319 1834 1416 1862 eam
1469 1827 1513 1861 et
1561 1820 1620 1861 sic

24 1909 61 1940 25
82 1889 131 1931 fit
168 1891 402 1932 descensus
433 1906 512 1946 per
545 1893 744 1934 ordinem
782 1907 808 1934 a
851 1893 1032 1934 materia
1072 1891 1214 1946 prima
1254 1889 1439 1931 naturali
1482 1903 1621 1943 usque

82 1961 137 2001 ad
191 1961 420 2002 materiam
473 1960 687 2003 ultimam.
773 1962 832 2004 Et
879 1976 978 2004 cum
1026 1961 1207 2003 materia
1253 1961 1309 2001 sit
1355 1973 1442 2001 uno
1487 1961 1621 2000 modo

83 2030 289 2084 potencia
321 2037 365 2071 et
396 2031 603 2085 privaci0‚
634 2031 718 2073 alio
751 2033 886 2073 modo
918 2031 1078 2073 habeat
1114 2031 1365 2084 potenciam
1400 2035 1443 2070 et
1478 2030 1621 2083 priva-

82 2100 252 2141 cionem
299 2100 343 2140 in
388 2102 580 2143 secunda
626 2102 771 2156 specie
815 2101 1052 2155 qualitatis,
1094 2106 1218 2155 patet
1265 2099 1492 2153 quomodo
1539 2098 1620 2139 hec

83 2170 360 2223 reperiuntur
388 2176 480 2211 tam
508 2171 550 2211 in
575 2172 825 2225 composito
851 2185 984 2225 quam
1013 2171 1056 2211 in
1084 2169 1368 2223 simplicibus.
1432 2168 1493 2209 Et
1520 2181 1620 2208 cum

23 2264 64 2295 30
83 2242 200 2283 racio
221 2240 445 2282 seminalis
467 2241 522 2282 sit
553 2242 746 2282 essencia
775 2241 957 2282 materie
982 2240 1283 2295 promovenda
1313 2239 1354 2279 in
1381 2238 1619 2280 terminum

82 2311 392 2364 generacionis,
414 2316 538 2364 patet
559 2311 738 2364 quidem
762 2316 960 2365 respectu
983 2309 1107 2363 cujus
1125 2316 1190 2350 est
1205 2309 1321 2350 racio
1337 2306 1559 2348 seminalis
1577 2313 1621 2347 et

83 2394 172 2422 non
201 2380 344 2423 solum
374 2381 418 2421 in
439 2380 694 2435 compositis
716 2387 782 2421 set
811 2380 854 2420 in
879 2378 1164 2433 simplicibus,
1187 2384 1231 2420 et
1259 2377 1338 2419 hec
1365 2390 1452 2419 non
1477 2375 1618 2418 solum

127 2511 191 2541 2-3
214 2502 263 2533 sic
280 2524 288 2532 .
307 2525 314 2533 .
333 2525 340 2532 .
358 2501 597 2532 substancialis
613 2511 678 2532 om.
696 2499 762 2530 fil)
889 2509 909 2539 5
935 2498 1038 2540 Item]
1058 2499 1100 2530 Et
1115 2508 1193 2529 cum
1209 2498 1274 2529 hiis
1290 2497 1352 2528 FD
1441 2494 1622 2536 naturalis]

83 2554 250 2585 naturalis
266 2554 377 2585 omnis
392 2554 426 2584 F
530 2553 598 2594 est]
616 2557 729 2592 potest
745 2552 780 2582 D
935 2562 952 2591 7
977 2551 1021 2583 sit
1036 2562 1101 2582 om.
1119 2551 1182 2581 FD
1336 2550 1357 2580 8
1380 2559 1460 2580 vera
1476 2559 1541 2579 om.
1559 2548 1622 2579 FD

84 2612 199 2638 tamen
215 2617 283 2638 om.
301 2606 364 2637 FD
516 2617 538 2646 9
561 2605 742 2647 appareat]
760 2611 923 2645 appareat
940 2603 1049 2644 magis
1064 2603 1127 2634 FD
1280 2612 1315 2633 11
1343 2601 1445 2643 fiunt]
1462 2602 1544 2633 fiant
1558 2600 1625 2632 FD

88 2670 126 2691 12
151 2660 255 2702 item]
274 2660 360 2691 Item
376 2660 442 2691 hoc
458 2659 493 2689 D
669 2657 744 2699 ubi]
762 2658 806 2689 ibi
822 2658 857 2688 D
1081 2666 1120 2696 13
1144 2654 1330 2696 invenitur]
1352 2654 1545 2685 invenietur
1560 2653 1624 2684 FD

85 2712 215 2745 scilicet
231 2723 297 2745 om.
316 2713 351 2743 D
559 2722 598 2743 21
626 2710 729 2752 Item]
748 2710 790 2741 Et
806 2711 883 2741 ideo
900 2709 963 2740 FD
1173 2719 1212 2747 24
1239 2706 1398 2748 duarum]
1416 2712 1572 2747 respectu
1588 2706 1630 2737 M

86 2776 127 2806 25
150 2777 170 2797 a
187 2767 327 2797 materia
344 2777 409 2797 om.
429 2765 464 2795 D
627 2765 670 2794 26
694 2763 885 2804 materiam]
903 2768 1058 2794 naturam
1075 2762 1109 2792 D
1230 2760 1348 2801 modo]
1368 2759 1467 2791 modo
1484 2770 1545 2791 sua
1561 2759 1624 2789 FD

85 2829 127 2859 29
150 2818 380 2860 reperiuntur]
400 2816 657 2858 recipiunturD
790 2826 830 2855 31
857 2814 927 2856 est]
944 2815 987 2846 sit
1000 2814 1062 2845 FD
1194 2823 1236 2853 32
1261 2812 1340 2854 hec]
1359 2812 1420 2843 hec
1438 2812 1552 2843 omnia
1563 2811 1626 2842 FD

1637 506 1760 546 24b2.
