1934 3152
126 1910 244 1931 2022.

1021 84 1075 135 76

267 213 399 242 cause
420 199 574 255 prime.
644 198 766 239 Dicit
797 203 946 238 autem
976 196 1246 238 Aristoteles
1278 195 1385 237 illud
1413 197 1612 249 verbum,
1641 196 1819 246 scilicet,

268 272 390 325 quod
415 269 721 324 methaphisici
745 275 811 310 est
837 268 1113 309 considerare
1134 267 1396 322 principium
1419 266 1616 318 formale,
1637 274 1820 321 propter

269 342 382 383 duas
403 354 558 383 causas
578 356 586 381 z
618 353 705 381 una
733 345 799 381 est
822 345 869 379 ut
896 337 1117 393 complete
1139 344 1433 392 cognoscatur
1459 336 1614 385 forma,
1636 328 1724 390 que
1752 342 1821 378 est

268 411 407 453 altera
443 425 545 466 pars
576 410 826 465 compositi,
848 423 951 450 narn
985 408 1199 450 naturalis
1229 408 1518 464 philosophus
1550 421 1638 449 non
1672 414 1821 463 potest

267 483 378 524 dare
418 481 685 536 completam
719 481 953 522 scienciam
986 480 1042 521 de
1075 479 1163 530 illa,
1194 480 1307 521 sicut
1344 479 1399 520 de
1441 479 1628 520 materia
1661 485 1704 520 et
1738 479 1820 533 pri·
1840 486 1857 516 5

266 553 465 601 vacione‚
499 558 678 606 propter
712 551 941 605 opiniones
973 551 1115 591 varias
1149 551 1204 592 de
1235 550 1388 592 forma.
1449 549 1569 590 Nam
1606 548 1820 592 Platonici

266 628 508 678 posuerunt
526 620 691 662 formas
709 620 933 662 naturales
953 634 1047 662 esse
1068 621 1206 674 ydeas
1223 627 1448 675 separatas
1469 627 1598 662 extra
1621 626 1818 661 mentem

266 693 475 745 divinam,
498 704 585 745 que
615 691 658 731 in
687 691 980 744 generacione
1010 690 1277 745 recipiuntur
1299 690 1343 731 in
1373 690 1558 732 materia
1587 696 1632 731 et
1661 691 1704 731 in
1727 703 1819 732 cor-

267 763 480 818 rupcione
512 759 813 816 expelluntur,
835 761 947 803 sicut
977 761 1083 802 dicit
1111 760 1381 802 Aristoteles
1411 762 1454 801 in
1484 760 1570 801 fine
1601 760 1670 802 De
1688 774 1819 815 gene-

266 833 439 875 racz'mze
466 839 510 873 et
527 830 809 886 corrupcz‘one.
863 831 925 872 Et
947 831 1049 886 quia
1071 832 1152 872 iste
1173 831 1288 885 ydee
1310 837 1412 872 sunt
1433 831 1494 873 sic
1511 830 1777 886 separabiles
1794 845 1820 873 a
1840 845 1879 867 10

267 903 452 945 materia
473 902 712 957 generabili
746 908 790 943 et
817 901 1108 957 corruptibili,
1130 907 1175 943 et
1206 907 1375 943 stantes
1403 915 1482 956 per
1506 915 1567 953 se,
1589 907 1634 943 et
1663 901 1820 942 intelli-

265 974 423 1029 gibiles
447 981 491 1015 et
508 972 759 1028 spirituales
774 979 818 1014 et
834 972 1202 1027 incorruptibiles,
1221 972 1321 1013 ideo
1338 973 1559 1027 pertinent
1574 973 1631 1014 ad
1646 972 1819 1014 metha—

267 1045 484 1100 phisicum
503 1057 591 1085 non
608 1044 665 1085 ad
681 1043 929 1085 naturalem
949 1042 1279 1098 philosophum.
1328 1042 1544 1085 Similiter
1561 1042 1819 1097 Pictagorici

266 1121 509 1170 posuerunt
554 1113 719 1156 formas
763 1127 908 1155 rerum
952 1113 1219 1155 naturalium
1262 1126 1358 1154 esse
1387 1113 1738 1164 mathematicas,
1771 1119 1820 1154 ut

267 1198 475 1226 numeros
497 1192 541 1226 et
564 1184 737 1238 figuras
803 1183 883 1226 Set
908 1184 1139 1226 Naturalis
1162 1182 1446 1239 Philosophia
1467 1197 1556 1225 non
1583 1189 1732 1238 potest
1761 1183 1818 1225 ad
1841 1195 1878 1228 15

267 1256 406 1309 ydeas
443 1268 585 1309 neque
616 1255 671 1296 ad
708 1268 775 1296 res
817 1254 1155 1296 mathematicas
1190 1256 1441 1303 ascendere,
1477 1254 1556 1296 sed
1589 1253 1733 1295 solum
1762 1253 1818 1294 ad

267 1325 497 1378 naturalia,
533 1325 637 1379 quia
678 1324 797 1366 nulla
838 1325 1025 1366 sciencia
1069 1324 1246 1366 excedit
1288 1339 1390 1367 suos
1432 1324 1604 1375 limites,
1641 1330 1687 1366 et
1719 1324 1819 1365 ideo

268 1402 443 1450 oportet
477 1396 598 1449 quod
637 1396 693 1436 sit
730 1394 877 1449 aliqua
917 1395 1104 1437 sciencia
1141 1395 1389 1435 communis
1426 1395 1482 1436 ad
1521 1393 1738 1436 naturalia
1775 1401 1818 1435 et

270 1465 647 1507 mathematicalia
669 1472 712 1507 et
734 1465 791 1507 ad
822 1466 983 1518 omnia,
1005 1472 1048 1506 et
1078 1464 1158 1506 hec
1185 1472 1251 1507 est
1281 1464 1619 1519 Methaphisica,
1643 1471 1688 1506 et
1717 1464 1818 1505 ideo

269 1536 536 1578 Aristoteles
569 1536 675 1578 dicit
707 1536 830 1589 quod
863 1535 1171 1590 methaphisici
1204 1542 1270 1576 est
1308 1536 1585 1576 considerare
1616 1535 1674 1576 de
1704 1535 1818 1589 prin·
1840 1546 1880 1568 20

267 1607 380 1661 cipio
411 1607 655 1648 secundum
686 1606 894 1661 speciem,
917 1605 960 1647 id
992 1612 1070 1656 est,
1103 1606 1159 1646 de
1185 1606 1399 1660 principio
1432 1604 1616 1655 formali,
1641 1605 1818 1656 scilicet,

268 1683 485 1731 quantum
517 1677 573 1718 ad
617 1675 886 1731 completam
932 1676 1251 1731 cognicionem,
1285 1683 1334 1717 ut
1378 1674 1591 1716 falsitates
1624 1675 1817 1717 Platoni-

266 1760 420 1787 corum
455 1752 736 1796 evacuentur,
766 1752 810 1788 et
848 1759 935 1787 non
965 1752 1146 1801 propter
1176 1745 1258 1786 hoc
1287 1746 1408 1800 quod
1440 1745 1524 1788 hoc
1555 1745 1817 1800 principium

267 1824 384 1858 esset
418 1817 562 1858 solum
594 1831 725 1858 causa
756 1817 911 1871 prima,
933 1817 988 1858 de
1020 1830 1108 1870 qua
1139 1815 1258 1857 solus
1290 1815 1638 1871 methaphisicus
1669 1821 1817 1870 potest

269 1887 438 1929 docere.
502 1888 597 1928 Nec
630 1892 808 1942 oportet
837 1887 842 1942 Ι
870 1887 989 1942 quod
1023 1886 1366 1946 mathematicus
1398 1886 1460 1927 sic
1491 1885 1730 1940 inquireret
1762 1886 1818 1926 de
1840 1898 1877 1930 25

269 1958 466 2008 materia,
502 1958 607 2011 quia
648 1971 802 1999 omnes
839 1957 1092 2012 philosophi
1139 1957 1472 1998 concordabant
1504 1955 1558 1997 ‘in
1601 1955 1817 1998 materiali

268 2028 486 2082 principio
507 2035 722 2081 quantum
745 2028 801 2069 ad
819 2027 904 2069 hoc
928 2028 1049 2081 quod
1068 2027 1125 2068 sit
1148 2040 1216 2068 res
1228 2026 1451 2068 'naturalis
1474 2032 1518 2067 et
1540 2040 1629 2068 non
1647 2026 1817 2068 mathe-

270 2098 433 2140 matica
456 2111 534 2140 nec
556 2097 739 2152 ydealis.
803 2098 865 2140 Et
888 2098 987 2140 ideo
1011 2103 1157 2151 potest
1176 2096 1385 2138 naturalis
1407 2096 1690 2152 philosophia
1712 2096 1817 2138 satis

268 2169 487 2210 discutere
509 2181 636 2209 suum
656 2168 882 2210 materiale
904 2167 1182 2223 principium,
1200 2174 1245 2208 et
1267 2173 1482 2221 quantum
1507 2167 1564 2208 ad
1585 2167 1816 2208 veritatem

268 2238 469 2293 principii
499 2237 712 2286 formalis,
741 2239 863 2293 quod
893 2245 961 2280 est
984 2237 1124 2279 altera
1149 2251 1250 2292 pars
1280 2236 1533 2291 compositi,
1564 2236 1816 2278 habendam
1836 2246 1878 2278 30

268 2315 417 2363 potest
449 2309 575 2361 bene,
608 2309 685 2350 sed
718 2322 806 2350 non
837 2315 1054 2363 quantum
1086 2308 1142 2349 ad
1176 2307 1539 2361 reprobacionem
1571 2300 1816 2348 falsitatum

267 2379 509 2419 arduarum
552 2392 663 2433 quas
714 2384 959 2433 posuerunt
1002 2377 1218 2419 Platonici
1264 2384 1307 2419 et
1360 2376 1638 2430 Pithagorici.
1712 2376 1817 2417 Non

269 2448 402 2501 igitur
423 2455 491 2490 est
520 2462 652 2490 causa
678 2449 821 2502 prima
849 2449 1113 2502 principium
1137 2446 1321 2489 formale
1349 2448 1403 2489 de
1432 2461 1522 2500 quo
1548 2445 1816 2488 Aristoteles

269 2518 461 2571 loquitur
487 2519 530 2559 in
553 2519 696 2573 primo
719 2518 1010 2569 Plzz'sz'cornm,
1029 2519 1085 2559 ad
1110 2519 1230 2571 quod
1253 2517 1436 2558 materia
1458 2522 1524 2557 est
1546 2517 1589 2556 in
1611 2516 1815 2569 potencia

269 2593 312 2627 et
331 2588 472 2641 primo
496 2589 646 2638 modo,
668 2587 772 2630 licet
791 2588 883 2642 ipse
905 2589 1175 2630 transmittat
1198 2601 1277 2628 nos
1300 2587 1355 2628 ad
1376 2585 1712 2640 metaphisicum
1735 2599 1814 2640 pro
1835 2592 1876 2625 35

269 2655 588 2698 certificacione
619 2658 843 2712 completa
895 2659 1020 2699 istius
1063 2657 1273 2712 principii.
1359 2656 1442 2697 Est
1483 2663 1633 2697 tamen
1684 2668 1815 2696 causa

269 2727 411 2780 prima
453 2727 712 2781 principium
757 2726 942 2769 formale
994 2727 1252 2782 exemplare
1301 2733 1345 2767 et
1390 2724 1558 2779 ydeale‚
1600 2725 1816 2767 sumendo

316 2833 326 2851 1
350 2824 452 2853 Dicit
465 2826 590 2854 autem
604 2822 847 2864 Aristoteles]
859 2823 962 2863 Phys.
975 2824 996 2856 1.
1012 2823 1032 2863 i,
1046 2833 1075 2855 c.
1089 2824 1143 2862 83.
1190 2832 1272 2863 9-10
1288 2825 1344 2854 De
1356 2821 1619 2863 genai-acione]
1635 2821 1656 2853 l.
1670 2821 1704 2860 ii,
1717 2831 1744 2852 c.
1760 2832 1815 2862 52.
