1934 3152
107 1624 230 1656 16b1.

56 1764 93 1795 F.
109 1772 152 1805 90
165 1774 184 1794 a
199 1773 227 1795 2.

991 99 1046 142 62

308 216 520 260 Similiter
550 216 690 258 forma
719 215 879 258 dicitur
906 214 1112 257 omnibus
1141 215 1286 257 modis
1318 227 1395 270 per
1426 215 1791 273 respondenciam

248 289 429 331 materie
446 288 526 330 nisi
552 288 595 328 in
618 287 762 342 primo
786 286 933 335 modo,
952 299 1088 340 agens
1105 285 1222 327 enim
1246 285 1630 332 dicituromnibus
1648 285 1794 328 modis

248 364 445 412 respectu
473 358 600 408 illius,
622 358 712 398 sive
746 355 958 404 naturale,
988 354 1079 396 sive
1108 355 1347 405 artificiale,
1375 356 1466 397 sive
1495 355 1673 406 morale,
1703 356 1794 397 sive

246 429 485 470 scienciale.
549 428 696 469 Primo
727 426 860 481 igitur
891 426 1027 467 modo
1055 433 1238 468 vocatur
1269 425 1412 469 forma
1443 440 1529 481 que
1560 433 1628 469 est
1655 426 1795 469 altera

246 513 347 553 pars
368 498 615 553 compositi.
1814 513 1832 544 5

306 568 509 611 Secundo
533 568 667 610 modo
693 580 825 608 omne
854 566 961 608 illud
991 566 1111 621 quod
1143 573 1296 608 natum
1326 574 1393 609 est
1421 567 1644 622 complere
1671 567 1794 609 aliud

247 639 551 689 essencialiter‚
586 644 630 679 et
672 638 773 679 ideo
810 637 922 679 sicut
964 637 1149 678 materia
1188 650 1265 679 seu
1301 636 1526 679 materiale
1566 637 1795 680 dicebatur

246 723 376 750 omne
409 708 727 763 incompletum
760 708 878 762 quod
913 714 979 749 est
1013 707 1058 748 in
1088 707 1291 761 potencia
1322 708 1379 750 ad
1411 722 1506 749 esse
1538 707 1792 762 specificum

245 780 335 821 sive
357 779 653 832 compositum
683 776 1018 832 incompletum‚
1045 776 1136 819 sive
1165 777 1349 819 materia
1377 777 1483 832 ejus,
1511 778 1602 819 sive
1622 778 1793 828 sorma;

247 850 307 891 sic
328 849 413 890 hoc
435 848 571 889 modo
593 848 753 889 dicitur
774 848 916 889 forma
937 861 1070 889 omne
1099 846 1206 888 illud
1237 847 1357 902 quod
1384 847 1579 903 complet
1608 848 1728 890 aliud
1744 848 1793 904 ⁴in
1815 861 1855 885 10

245 933 338 960 esse
369 918 576 972 specifico
607 918 698 959 sive
730 917 837 959 illud
870 917 1099 972 complens
1131 925 1208 959 aut
1240 917 1552 972 completivum
1585 919 1642 961 sit
1670 932 1792 960 com—

245 990 437 1043 positum
462 988 719 1043 specificum
741 988 832 1030 sive
854 989 995 1030 forma
1015 988 1232 1043 specifica,
1254 988 1344 1030 sive
1371 989 1556 1030 materia
1576 988 1792 1043 specifica,

246 1067 289 1101 et
318 1060 401 1101 hoc
430 1060 520 1100 sive
540 1073 567 1100 a
589 1066 717 1114 parte
744 1059 901 1114 speciei
931 1065 1128 1114 respectu
1157 1059 1339 1112 generis,
1367 1059 1458 1101 sive
1478 1073 1504 1101 a
1526 1065 1652 1113 parte
1681 1059 1792 1101 indi-

245 1130 366 1171 vidui
387 1129 548 1184 speciei
572 1136 771 1184 respectu
792 1129 1005 1171 individui
1027 1130 1211 1185 generis.

305 1200 462 1242 Tercio
494 1200 627 1241 modo
668 1200 827 1241 dicitur
860 1199 1001 1241 forma
1036 1198 1319 1242 accidentalis
1361 1205 1562 1254 respectu
1605 1199 1791 1254 subjecti
1816 1210 1852 1241 15

244 1269 535 1320 alteracionis‚
557 1276 606 1311 ut
636 1269 756 1311 calor
784 1277 984 1324 respectu
1013 1269 1275 1325 splendoris,
1298 1276 1342 1312 et
1371 1269 1560 1312 sciencia
1589 1277 1790 1326 respectu

244 1340 401 1390 anime,
423 1346 466 1381 et
487 1339 757 1394 hujusmodi.

306 1409 479 1464 Quarto
514 1410 647 1451 modo
680 1410 837 1451 dicitur
867 1409 1112 1451 universale
1143 1424 1238 1451 esse
1269 1409 1411 1451 forma
1443 1417 1643 1464 respectu
1679 1409 1792 1452 indi-

247 1480 491 1522 viduorum.
555 1480 616 1522 Et
655 1480 811 1534 quinto
854 1481 988 1522 modo
1028 1480 1187 1522 dicitur
1228 1478 1370 1521 forma
1411 1487 1455 1522 et
1492 1479 1676 1523 formale
1711 1494 1792 1536 pro

249 1550 436 1605 digniori
459 1557 503 1591 et
525 1549 742 1592 nobiliori.
1813 1561 1852 1584 ²0

309 1619 563 1662 Secundum
594 1620 676 1661 hos
709 1620 865 1662 modos
897 1620 1078 1661 materie
1115 1626 1158 1661 et
1190 1619 1330 1661 forme
1363 1620 1592 1662 solvuntur
1619 1619 1625 1676 Ι
1652 1620 1792 1663 multe

249 1690 508 1732 autoritates
530 1696 685 1731 contra
705 1690 908 1744 predicta
930 1690 972 1730 in
994 1690 1153 1744 quibus
1176 1690 1283 1731 alias
1300 1697 1366 1732 est
1388 1691 1521 1732 nimia
1543 1690 1789 1741 difficultas,

249 1767 292 1802 et
318 1760 519 1801 similiter
541 1760 669 1801 multi
691 1773 914 1801 sermones
941 1759 946 1816 Ι
976 1760 1250 1815 magistrales
1271 1766 1314 1801 et
1335 1760 1515 1815 vulgati.

307 1830 377 1871 De
403 1830 547 1884 primo
569 1830 702 1885 igitur
723 1831 857 1872 modo
880 1836 924 1872 et
945 1831 1139 1872 secundo
1163 1831 1344 1872 materie
1365 1837 1410 1872 et
1439 1831 1495 1872 de
1517 1831 1654 1872 tercio
1676 1838 1722 1873 et
1743 1835 1790 1881 4⁰
1820 1820 1823 1823 ’

247 1907 291 1942 et
312 1900 510 1942 similiter
536 1901 592 1942 de
614 1900 764 1951 forma,
787 1900 895 1942 satis
922 1906 1045 1955 patet
1074 1914 1131 1941 ex
1161 1901 1299 1942 dictis.
1364 1900 1434 1942 De
1455 1901 1649 1942 secundo
1671 1901 1787 1942 enim
1812 1916 1849 1947 25

249 1971 396 2019 modo,
420 1970 493 2024 qui
523 1971 759 2025 respondet
790 1970 971 2012 materie
999 1969 1149 2023 tercio,
1171 1970 1455 2025 intelligenda
1473 1977 1548 2012 -est
1577 1971 1790 2013 autoritas

246 2040 504 2082 Aristotelis
527 2047 571 2082 et
593 2041 838 2090 doctorum,
854 2040 973 2094 quod
997 2040 1139 2082 forma
1160 2047 1225 2082 est
1248 2042 1461 2083 terminus
1478 2041 1788 2095 generacionis,

247 2118 290 2151 et
319 2111 402 2152 hoc
432 2111 727 2165 principaliter
754 2111 810 2152 de
841 2111 1103 2165 composito,
1137 2111 1239 2165 quia
1269 2110 1534 2152 Aristoteles
1561 2111 1721 2166 probat
1745 2117 1790 2164 7⁰

246 2180 563 2234 Metlzaplz2·sz·ce
599 2182 720 2235 quod
753 2181 1048 2235 compositum
1081 2181 1380 2236 principaliter
1409 2188 1655 2236 generatur.
1718 2181 1788 2223 De

247 2251 428 2291 materia
450 2251 604 2304 quinto
626 2252 761 2292 rnodo
784 2257 828 2292 et
856 2251 996 2292 forma
1024 2258 1182 2304 quarto
1212 2252 1359 2304 modo,
1381 2251 1540 2293 dicitur
1568 2250 1675 2293 illud
1701 2250 1849 2296 Celiao

245 2326 289 2359 ct
307 2320 486 2370 Mundi,
509 2321 583 2374 qui
607 2321 712 2362 dicit
734 2320 876 2362 celum
899 2322 1004 2362 dicit
1029 2321 1216 2362 formam
1246 2327 1418 2362 tantum
1449 2321 1491 2362 id
1523 2320 1788 2362 est‘univer-

244 2388 344 2439 sale,
376 2391 449 2442 qui
471 2390 579 2431 dicit
608 2389 691 2431 hoc
722 2390 864 2432 celum
895 2390 998 2432 dicit
1032 2389 1217 2432 sormam
1242 2391 1284 2431 in
1308 2391 1501 2440 materia,
1523 2390 1704 2443 scilicet,
1724 2390 1788 2431 in-

288 2513 330 2542 28
354 2516 392 2546 7⁰
408 2511 704 2554 Methaphisiee]
722 2512 744 2544 l.
758 2513 804 2544 vii
819 2514 851 2544 in
869 2514 949 2545 fine.
1080 2523 1119 2553 31
1147 2516 1229 2546 Geli
1245 2517 1285 2546 et
1300 2512 1453 2554 Mundi]
1469 2512 1491 2545 1.
1507 2513 1527 2553 i,
1540 2523 1568 2544 c.
1585 2523 1629 2553 92
1644 2514 1652 2532 ⁴
1667 2512 1785 2544 Celum

244 2573 326 2603 ergo
344 2564 542 2604 simpliciter
558 2570 610 2596 est
627 2565 735 2596 sorma
751 2566 824 2596 sola
839 2579 846 2606 ;
872 2566 936 2597 hoc
954 2571 1065 2597 autem
1086 2566 1194 2598 celum
1211 2571 1264 2598 est
1280 2566 1386 2597 forma
1402 2576 1476 2597 cum
1493 2565 1657 2597 materia!

293 2679 305 2698 1
335 2669 631 2711 respondcnciam]
651 2670 993 2710 correspondenciam
1012 2671 1047 2702 D
1202 2683 1221 2711 4
1246 2670 1365 2712 igitur]
1383 2681 1466 2711 ergo
1483 2671 1518 2701 D
1626 2671 1784 2713 vocatur]

244 2725 384 2750 vacatur
400 2721 433 2750 F
648 2732 683 2752 11
711 2722 887 2762 complens
904 2722 978 2765 aut]
996 2723 1069 2755 sive
1086 2723 1121 2754 D
1344 2734 1382 2763 13
1406 2723 1470 2755 hoc
1486 2722 1575 2764 sive]
1593 2723 1655 2755 hoc
1671 2724 1739 2756 sint
1757 2725 1790 2755 F

244 2781 285 2810 25
308 2772 426 2813 dictis]
444 2773 608 2813 predictis
625 2773 660 2805 D
760 2775 812 2806 De
830 2777 982 2807 secundo
999 2776 1106 2818 enim]
1125 2776 1314 2808 secundum
1328 2775 1362 2806 F
1506 2786 1549 2816 32
1575 2776 1606 2807 in
1625 2776 1782 2819 materia]

243 2829 278 2854 et
296 2825 466 2855 materiam
484 2825 517 2856 F
