<?xml version="1.0" encoding="UTF-8"?>
<!DOCTYPE html PUBLIC "-//W3C//DTD XHTML 1.0 Transitional//EN"
    "http://www.w3.org/TR/xhtml1/DTD/xhtml1-transitional.dtd">
<html xmlns="http://www.w3.org/1999/xhtml" xml:lang="en" lang="en">
 <head>
  <title>
</title>
<meta http-equiv="Content-Type" content="text/html;charset=utf-8" />
  <meta name='ocr-system' content='tesseract 3.04.00' />
  <meta name='ocr-capabilities' content='ocr_page ocr_carea ocr_par ocr_line ocrx_word'/>
</head>
<body>
  <div class='ocr_page' id='page_1' title='image "./operahactenusine02baco_0024.png"; bbox 0 0 1934 3152; ppageno 0'>
   <div class='ocr_carea' id='block_1_1' title="bbox 1034 123 1085 152">
    <p class='ocr_par' dir='ltr' id='par_1_1' title="bbox 1034 123 1085 152">
     <span class='ocr_line' id='line_1_1' title="bbox 1034 123 1085 152; baseline 0.02 -1"><span class='ocrx_word' id='word_1_1' title='bbox 1034 123 1085 152; x_wconf 87' lang='lat'>12</span> 
     </span>
    </p>
   </div>
   <div class='ocr_carea' id='block_1_2' title="bbox 287 223 1834 980">
    <p class='ocr_par' dir='ltr' id='par_1_2' title="bbox 287 223 1834 980">
     <span class='ocr_line' id='line_1_2' title="bbox 287 223 1828 283; baseline -0.003 -14"><span class='ocrx_word' id='word_1_2' title='bbox 287 228 471 283; x_wconf 89' lang='lat' dir='ltr'>dignum</span> <span class='ocrx_word' id='word_1_3' title='bbox 495 235 645 282; x_wconf 89' lang='lat' dir='ltr'>posset</span> <span class='ocrx_word' id='word_1_4' title='bbox 667 229 724 270; x_wconf 91' lang='lat' dir='ltr'>ab</span> <span class='ocrx_word' id='word_1_5' title='bbox 745 227 828 269; x_wconf 92' lang='lat' dir='ltr'>illis</span> <span class='ocrx_word' id='word_1_6' title='bbox 845 228 940 278; x_wconf 92' lang='lat' dir='ltr'>dici,</span> <span class='ocrx_word' id='word_1_7' title='bbox 963 241 1042 269; x_wconf 92' lang='lat' dir='ltr'>nec</span> <span class='ocrx_word' id='word_1_8' title='bbox 1071 229 1127 269; x_wconf 90' lang='lat' dir='ltr'>ab</span> <span class='ocrx_word' id='word_1_9' title='bbox 1150 227 1247 268; x_wconf 91' lang='lat' dir='ltr'>aliis</span> <span class='ocrx_word' id='word_1_10' title='bbox 1269 241 1347 282; x_wconf 92' lang='lat' dir='ltr'>per</span> <span class='ocrx_word' id='word_1_11' title='bbox 1368 226 1620 281; x_wconf 89' lang='lat' dir='ltr'>hujusmodi</span> <span class='ocrx_word' id='word_1_12' title='bbox 1643 223 1828 266; x_wconf 89' lang='lat' dir='ltr'>transla-</span> 
     </span>
     <span class='ocr_line' id='line_1_3' title="bbox 289 295 1830 353; baseline -0.003 -13"><span class='ocrx_word' id='word_1_13' title='bbox 289 298 434 340; x_wconf 90' lang='lat' dir='ltr'>ciones</span> <span class='ocrx_word' id='word_1_14' title='bbox 463 297 663 352; x_wconf 83' lang='lat' dir='ltr'>intelligi,</span> <span class='ocrx_word' id='word_1_15' title='bbox 685 298 795 340; x_wconf 91' lang='lat' dir='ltr'>sicut</span> <span class='ocrx_word' id='word_1_16' title='bbox 817 303 939 351; x_wconf 88' lang='lat' dir='ltr'>patet</span> <span class='ocrx_word' id='word_1_17' title='bbox 966 310 1065 337; x_wconf 90' lang='lat' dir='ltr'>cum</span> <span class='ocrx_word' id='word_1_18' title='bbox 1089 296 1275 350; x_wconf 86' lang='lat' dir='ltr'>quilibet</span> <span class='ocrx_word' id='word_1_19' title='bbox 1297 296 1370 337; x_wconf 91' lang='lat' dir='ltr'>alii</span> <span class='ocrx_word' id='word_1_20' title='bbox 1399 297 1441 337; x_wconf 90' lang='lat' dir='ltr'>in</span> <span class='ocrx_word' id='word_1_21' title='bbox 1472 295 1830 353; x_wconf 83' lang='lat' dir='ltr'>exposicionibus</span> 
     </span>
     <span class='ocr_line' id='line_1_4' title="bbox 288 353 1830 416; baseline -0.003 -7"><span class='ocrx_word' id='word_1_22' title='bbox 288 374 439 409; x_wconf 88' lang='lat' dir='ltr'>textus</span> <span class='ocrx_word' id='word_1_23' title='bbox 456 366 708 408; x_wconf 84' lang='lat' dir='ltr'>Aristotelis</span> <span class='ocrx_word' id='word_1_24' title='bbox 724 366 1009 407; x_wconf 86' lang='lat' dir='ltr'>contradicat.</span> <span class='ocrx_word' id='word_1_25' title='bbox 1050 364 1164 407; x_wconf 87' lang='lat' dir='ltr'>Sunt</span> <span class='ocrx_word' id='word_1_26' title='bbox 1181 366 1319 407; x_wconf 89' lang='lat' dir='ltr'>eciam</span> <span class='ocrx_word' id='word_1_27' title='bbox 1334 366 1649 416; x_wconf 86' lang='lat' dir='ltr'>translaciones</span> <span class='ocrx_word' id='word_1_28' title='bbox 1662 353 1769 405; x_wconf 81' lang='lat' dir='ltr'>false</span> <span class='ocrx_word' id='word_1_29' title='bbox 1787 364 1830 404; x_wconf 91' lang='lat' dir='ltr'>in</span> 
     </span>
     <span class='ocr_line' id='line_1_5' title="bbox 289 434 1830 491; baseline -0.003 -13"><span class='ocrx_word' id='word_1_30' title='bbox 289 437 454 489; x_wconf 89' lang='lat' dir='ltr'>multis,</span> <span class='ocrx_word' id='word_1_31' title='bbox 485 437 588 490; x_wconf 91' lang='lat' dir='ltr'>quia</span> <span class='ocrx_word' id='word_1_32' title='bbox 619 441 796 491; x_wconf 86' lang='lat' dir='ltr'>oportet</span> <span class='ocrx_word' id='word_1_33' title='bbox 824 434 1133 476; x_wconf 80' lang='lat' dir='ltr'>translatorem</span> <span class='ocrx_word' id='word_1_34' title='bbox 1156 435 1263 477; x_wconf 88' lang='lat' dir='ltr'>scire</span> <span class='ocrx_word' id='word_1_35' title='bbox 1284 435 1395 476; x_wconf 92' lang='lat' dir='ltr'>duas</span> <span class='ocrx_word' id='word_1_36' title='bbox 1418 435 1601 490; x_wconf 83' lang='lat' dir='ltr'>linguas,</span> <span class='ocrx_word' id='word_1_37' title='bbox 1622 444 1758 488; x_wconf 64' lang='lat' dir='ltr'>a‘qua</span> <span class='ocrx_word' id='word_1_38' title='bbox 1787 440 1830 475; x_wconf 90' lang='lat' dir='ltr'>et</span> 
     </span>
     <span class='ocr_line' id='line_1_6' title="bbox 289 504 1832 561; baseline -0.003 -13"><span class='ocrx_word' id='word_1_39' title='bbox 289 508 332 548; x_wconf 93' lang='lat' dir='ltr'>in</span> <span class='ocrx_word' id='word_1_40' title='bbox 349 520 483 561; x_wconf 91' lang='lat' dir='ltr'>quam</span> <span class='ocrx_word' id='word_1_41' title='bbox 501 507 621 560; x_wconf 92' lang='lat' dir='ltr'>cupit</span> <span class='ocrx_word' id='word_1_42' title='bbox 635 506 891 547; x_wconf 87' lang='lat' dir='ltr'>transferre:</span> <span class='ocrx_word' id='word_1_43' title='bbox 920 510 986 545; x_wconf 87' lang='lat' dir='ltr'>set</span> <span class='ocrx_word' id='word_1_44' title='bbox 1004 504 1149 547; x_wconf 88' lang='lat' dir='ltr'>nullus</span> <span class='ocrx_word' id='word_1_45' title='bbox 1166 505 1455 558; x_wconf 89' lang='lat' dir='ltr'>interpretum</span> <span class='ocrx_word' id='word_1_46' title='bbox 1473 506 1529 546; x_wconf 92' lang='lat' dir='ltr'>ad</span> <span class='ocrx_word' id='word_1_47' title='bbox 1544 504 1628 546; x_wconf 93' lang='lat' dir='ltr'>hoc</span> <span class='ocrx_word' id='word_1_48' title='bbox 1641 504 1832 554; x_wconf 90' lang='lat' dir='ltr'>devenit,</span> 
     </span>
     <span class='ocr_line' id='line_1_7' title="bbox 289 573 1832 631; baseline -0.002 -13"><span class='ocrx_word' id='word_1_49' title='bbox 289 584 338 619; x_wconf 90' lang='lat' dir='ltr'>ut</span> <span class='ocrx_word' id='word_1_50' title='bbox 379 577 650 631; x_wconf 85' lang='lat' dir='ltr'>sapientibus</span> <span class='ocrx_word' id='word_1_51' title='bbox 692 582 758 617; x_wconf 88' lang='lat' dir='ltr'>est</span> <span class='ocrx_word' id='word_1_52' title='bbox 794 573 1042 629; x_wconf 88' lang='lat' dir='ltr'>probatum.</span> <span class='ocrx_word' id='word_1_53' title='bbox 1120 574 1296 616; x_wconf 86' lang='lat' dir='ltr'>Deinde</span> <span class='ocrx_word' id='word_1_54' title='bbox 1337 589 1423 629; x_wconf 89' lang='lat' dir='ltr'>que</span> <span class='ocrx_word' id='word_1_55' title='bbox 1464 576 1575 616; x_wconf 92' lang='lat' dir='ltr'>bene</span> <span class='ocrx_word' id='word_1_56' title='bbox 1618 574 1832 615; x_wconf 89' lang='lat' dir='ltr'>translata</span> 
     </span>
     <span class='ocr_line' id='line_1_8' title="bbox 290 644 1834 700; baseline -0.002 -13"><span class='ocrx_word' id='word_1_57' title='bbox 290 647 460 695; x_wconf 85' lang='lat' dir='ltr'>fuerint,</span> <span class='ocrx_word' id='word_1_58' title='bbox 476 647 569 700; x_wconf 88' lang='lat' dir='ltr'>jam</span> <span class='ocrx_word' id='word_1_59' title='bbox 593 650 798 698; x_wconf 88' lang='lat' dir='ltr'>corrupta</span> <span class='ocrx_word' id='word_1_60' title='bbox 821 650 924 685; x_wconf 90' lang='lat' dir='ltr'>sunt</span> <span class='ocrx_word' id='word_1_61' title='bbox 954 645 1074 697; x_wconf 91' lang='lat' dir='ltr'>apud</span> <span class='ocrx_word' id='word_1_62' title='bbox 1095 644 1277 698; x_wconf 88' lang='lat' dir='ltr'>vulgum</span> <span class='ocrx_word' id='word_1_63' title='bbox 1302 652 1345 686; x_wconf 91' lang='lat' dir='ltr'>et</span> <span class='ocrx_word' id='word_1_64' title='bbox 1367 645 1515 699; x_wconf 89' lang='lat' dir='ltr'>capita</span> <span class='ocrx_word' id='word_1_65' title='bbox 1537 644 1630 698; x_wconf 85' lang='lat' dir='ltr'>ejus</span> <span class='ocrx_word' id='word_1_66' title='bbox 1653 650 1834 698; x_wconf 89' lang='lat' dir='ltr'>propter</span> 
     </span>
     <span class='ocr_line' id='line_1_9' title="bbox 289 713 1832 770; baseline -0.001 -14"><span class='ocrx_word' id='word_1_67' title='bbox 289 715 586 770; x_wconf 87' lang='lat' dir='ltr'>ignoranciam</span> <span class='ocrx_word' id='word_1_68' title='bbox 601 715 860 769; x_wconf 86' lang='lat' dir='ltr'>linguarum.</span> <span class='ocrx_word' id='word_1_69' title='bbox 904 713 1048 754; x_wconf 88' lang='lat' dir='ltr'>Multa</span> <span class='ocrx_word' id='word_1_70' title='bbox 1063 714 1177 755; x_wconf 89' lang='lat' dir='ltr'>enirn</span> <span class='ocrx_word' id='word_1_71' title='bbox 1193 715 1354 756; x_wconf 83' lang='lat' dir='ltr'>desunt</span> <span class='ocrx_word' id='word_1_72' title='bbox 1372 715 1416 755; x_wconf 93' lang='lat' dir='ltr'>in</span> <span class='ocrx_word' id='word_1_73' title='bbox 1433 713 1706 756; x_wconf 89' lang='lat' dir='ltr'>naturalibus</span> <span class='ocrx_word' id='word_1_74' title='bbox 1724 720 1767 755; x_wconf 87' lang='lat' dir='ltr'>et</span> <span class='ocrx_word' id='word_1_75' title='bbox 1789 714 1832 754; x_wconf 91' lang='lat' dir='ltr'>in</span> 
     </span>
     <span class='ocr_line' id='line_1_10' title="bbox 289 783 1834 838; baseline -0.002 -12"><span class='ocrx_word' id='word_1_76' title='bbox 289 785 384 826; x_wconf 91' lang='lat' dir='ltr'>aliis</span> <span class='ocrx_word' id='word_1_77' title='bbox 400 785 591 838; x_wconf 84' lang='lat' dir='ltr'>vulgatis</span> <span class='ocrx_word' id='word_1_78' title='bbox 608 799 694 838; x_wconf 90' lang='lat' dir='ltr'>que</span> <span class='ocrx_word' id='word_1_79' title='bbox 711 797 791 825; x_wconf 90' lang='lat' dir='ltr'>nec</span> <span class='ocrx_word' id='word_1_80' title='bbox 804 783 1018 824; x_wconf 89' lang='lat' dir='ltr'>translata</span> <span class='ocrx_word' id='word_1_81' title='bbox 1035 790 1238 834; x_wconf 90' lang='lat' dir='ltr'>sunt‚nec</span> <span class='ocrx_word' id='word_1_82' title='bbox 1257 785 1292 825; x_wconf 91' lang='lat' dir='ltr'>si</span> <span class='ocrx_word' id='word_1_83' title='bbox 1308 791 1411 825; x_wconf 90' lang='lat' dir='ltr'>sunt</span> <span class='ocrx_word' id='word_1_84' title='bbox 1428 783 1652 832; x_wconf 87' lang='lat' dir='ltr'>translata,</span> <span class='ocrx_word' id='word_1_85' title='bbox 1670 789 1772 824; x_wconf 90' lang='lat' dir='ltr'>sunt</span> <span class='ocrx_word' id='word_1_86' title='bbox 1790 783 1834 824; x_wconf 91' lang='lat' dir='ltr'>in</span> 
     </span>
     <span class='ocr_line' id='line_1_11' title="bbox 291 851 1834 909; baseline -0.001 -13"><span class='ocrx_word' id='word_1_87' title='bbox 291 870 369 896; x_wconf 87' lang='lat' dir='ltr'>usu</span> <span class='ocrx_word' id='word_1_88' title='bbox 387 854 520 908; x_wconf 87' lang='lat' dir='ltr'>vulgi,</span> <span class='ocrx_word' id='word_1_89' title='bbox 539 855 658 909; x_wconf 92' lang='lat' dir='ltr'>quod</span> <span class='ocrx_word' id='word_1_90' title='bbox 681 857 690 874; x_wconf 93' lang='lat'>‘</span> <span class='ocrx_word' id='word_1_91' title='bbox 706 854 858 896; x_wconf 91' lang='lat' dir='ltr'>album</span> <span class='ocrx_word' id='word_1_92' title='bbox 881 854 924 894; x_wconf 89' lang='lat' dir='ltr'>in</span> <span class='ocrx_word' id='word_1_93' title='bbox 947 851 1088 895; x_wconf 91' lang='lat' dir='ltr'>Greco</span> <span class='ocrx_word' id='word_1_94' title='bbox 1103 853 1112 869; x_wconf 94' lang='lat'><em>’</em></span> <span class='ocrx_word' id='word_1_95' title='bbox 1136 855 1331 896; x_wconf 89' lang='lat' dir='ltr'>ostendit</span> <span class='ocrx_word' id='word_1_96' title='bbox 1353 854 1669 909; x_wconf 89' lang='lat' dir='ltr'>multipliciter,</span> <span class='ocrx_word' id='word_1_97' title='bbox 1690 853 1767 894; x_wconf 91' lang='lat' dir='ltr'>sed</span> <span class='ocrx_word' id='word_1_98' title='bbox 1789 860 1834 895; x_wconf 89' lang='lat' dir='ltr'>et</span> 
     </span>
     <span class='ocr_line' id='line_1_12' title="bbox 289 922 1833 980; baseline -0.001 -13"><span class='ocrx_word' id='word_1_99' title='bbox 289 925 482 980; x_wconf 85' lang='lat' dir='ltr'>capitula</span> <span class='ocrx_word' id='word_1_100' title='bbox 504 925 644 966; x_wconf 88' lang='lat' dir='ltr'>multa</span> <span class='ocrx_word' id='word_1_101' title='bbox 671 931 716 966; x_wconf 88' lang='lat' dir='ltr'>et</span> <span class='ocrx_word' id='word_1_102' title='bbox 748 923 845 965; x_wconf 89' lang='lat' dir='ltr'>libri</span> <span class='ocrx_word' id='word_1_103' title='bbox 878 923 1037 977; x_wconf 82' lang='lat' dir='ltr'>integri</span> <span class='ocrx_word' id='word_1_104' title='bbox 1069 922 1280 966; x_wconf 89' lang='lat' dir='ltr'>deficiunt</span> <span class='ocrx_word' id='word_1_105' title='bbox 1310 924 1436 965; x_wconf 89' lang='lat' dir='ltr'>multi</span> <span class='ocrx_word' id='word_1_106' title='bbox 1469 929 1513 964; x_wconf 92' lang='lat' dir='ltr'>et</span> <span class='ocrx_word' id='word_1_107' title='bbox 1543 923 1598 964; x_wconf 91' lang='lat' dir='ltr'>de</span> <span class='ocrx_word' id='word_1_108' title='bbox 1627 923 1833 965; x_wconf 89' lang='lat' dir='ltr'>naturali-</span> 
     </span>
    </p>
   </div>
   <div class='ocr_carea' id='block_1_3' title="bbox 263 992 1835 1051">
    <p class='ocr_par' dir='ltr' id='par_1_3' title="bbox 263 992 1835 1051">
     <span class='ocr_line' id='line_1_13' title="bbox 263 992 1835 1051; baseline 0 -17"><span class='ocrx_word' id='word_1_109' title='bbox 263 995 371 1037; x_wconf 90' lang='lat' dir='ltr'>.bus</span> <span class='ocrx_word' id='word_1_110' title='bbox 397 1000 400 1051; x_wconf 63' lang='grc' dir='ltr'>ξ</span> <span class='ocrx_word' id='word_1_111' title='bbox 427 995 637 1045; x_wconf 84' lang='lat' dir='ltr'>maxime,</span> <span class='ocrx_word' id='word_1_112' title='bbox 668 1000 713 1035; x_wconf 87' lang='lat' dir='ltr'>et</span> <span class='ocrx_word' id='word_1_113' title='bbox 745 992 898 1042; x_wconf 85' lang='lat' dir='ltr'>multa,</span> <span class='ocrx_word' id='word_1_114' title='bbox 933 993 1035 1035; x_wconf 89' lang='lat' dir='ltr'>licet</span> <span class='ocrx_word' id='word_1_115' title='bbox 1067 993 1183 1035; x_wconf 89' lang='lat' dir='ltr'>male</span> <span class='ocrx_word' id='word_1_116' title='bbox 1214 994 1441 1044; x_wconf 89' lang='lat' dir='ltr'>translata,</span> <span class='ocrx_word' id='word_1_117' title='bbox 1473 1007 1560 1034; x_wconf 92' lang='lat' dir='ltr'>non</span> <span class='ocrx_word' id='word_1_118' title='bbox 1592 1000 1694 1035; x_wconf 90' lang='lat' dir='ltr'>sunt</span> <span class='ocrx_word' id='word_1_119' title='bbox 1730 1000 1835 1035; x_wconf 89' lang='lat' dir='ltr'>nota</span> 
     </span>
    </p>
   </div>
   <div class='ocr_carea' id='block_1_4' title="bbox 289 1063 1842 2235">
    <p class='ocr_par' dir='ltr' id='par_1_4' title="bbox 289 1063 1842 2235">
     <span class='ocr_line' id='line_1_14' title="bbox 290 1063 1836 1118; baseline 0 -13"><span class='ocrx_word' id='word_1_120' title='bbox 290 1063 436 1118; x_wconf 88' lang='lat' dir='ltr'>vulgo,</span> <span class='ocrx_word' id='word_1_121' title='bbox 458 1070 507 1105; x_wconf 88' lang='lat' dir='ltr'>ut</span> <span class='ocrx_word' id='word_1_122' title='bbox 539 1064 648 1105; x_wconf 88' lang='lat' dir='ltr'>liber</span> <span class='ocrx_word' id='word_1_123' title='bbox 679 1063 1009 1105; x_wconf 77' lang='lat' dir='ltr'>Problematum</span> <span class='ocrx_word' id='word_1_124' title='bbox 1040 1077 1130 1117; x_wconf 90' lang='lat' dir='ltr'>quo</span> <span class='ocrx_word' id='word_1_125' title='bbox 1163 1071 1268 1106; x_wconf 90' lang='lat' dir='ltr'>tunc</span> <span class='ocrx_word' id='word_1_126' title='bbox 1304 1064 1440 1105; x_wconf 91' lang='lat' dir='ltr'>utitur</span> <span class='ocrx_word' id='word_1_127' title='bbox 1472 1063 1628 1118; x_wconf 89' lang='lat' dir='ltr'>vulgus</span> <span class='ocrx_word' id='word_1_128' title='bbox 1659 1076 1737 1105; x_wconf 90' lang='lat' dir='ltr'>nec</span> <span class='ocrx_word' id='word_1_129' title='bbox 1769 1071 1836 1105; x_wconf 92' lang='lat' dir='ltr'>est</span> 
     </span>
     <span class='ocr_line' id='line_1_15' title="bbox 289 1133 1835 1188; baseline -0.001 -12"><span class='ocrx_word' id='word_1_130' title='bbox 289 1134 529 1176; x_wconf 89' lang='lat' dir='ltr'>translatus</span> <span class='ocrx_word' id='word_1_131' title='bbox 571 1134 780 1185; x_wconf 89' lang='lat' dir='ltr'>totaliter,</span> <span class='ocrx_word' id='word_1_132' title='bbox 823 1139 867 1175; x_wconf 88' lang='lat' dir='ltr'>et</span> <span class='ocrx_word' id='word_1_133' title='bbox 910 1133 1050 1176; x_wconf 89' lang='lat' dir='ltr'>multa</span> <span class='ocrx_word' id='word_1_134' title='bbox 1091 1148 1176 1188; x_wconf 88' lang='lat' dir='ltr'>que</span> <span class='ocrx_word' id='word_1_135' title='bbox 1218 1133 1433 1176; x_wconf 88' lang='lat' dir='ltr'>translata</span> <span class='ocrx_word' id='word_1_136' title='bbox 1473 1140 1574 1175; x_wconf 92' lang='lat' dir='ltr'>sunt</span> <span class='ocrx_word' id='word_1_137' title='bbox 1626 1134 1686 1176; x_wconf 93' lang='lat' dir='ltr'>ibi</span> <span class='ocrx_word' id='word_1_138' title='bbox 1734 1140 1835 1175; x_wconf 93' lang='lat' dir='ltr'>sunt</span> 
     </span>
     <span class='ocr_line' id='line_1_16' title="bbox 292 1203 1836 1259; baseline -0.001 -14"><span class='ocrx_word' id='word_1_139' title='bbox 292 1210 509 1258; x_wconf 91' lang='lat' dir='ltr'>corrupta.</span> <span class='ocrx_word' id='word_1_140' title='bbox 586 1203 800 1245; x_wconf 87' lang='lat' dir='ltr'>Similiter</span> <span class='ocrx_word' id='word_1_141' title='bbox 835 1204 879 1245; x_wconf 91' lang='lat' dir='ltr'>in</span> <span class='ocrx_word' id='word_1_142' title='bbox 913 1203 1010 1244; x_wconf 91' lang='lat' dir='ltr'>aliis</span> <span class='ocrx_word' id='word_1_143' title='bbox 1044 1204 1378 1259; x_wconf 88' lang='lat' dir='ltr'>quamplurimis</span> <span class='ocrx_word' id='word_1_144' title='bbox 1422 1205 1579 1245; x_wconf 87' lang='lat' dir='ltr'>eadem</span> <span class='ocrx_word' id='word_1_145' title='bbox 1621 1203 1732 1246; x_wconf 90' lang='lat' dir='ltr'>vicia</span> <span class='ocrx_word' id='word_1_146' title='bbox 1774 1203 1836 1244; x_wconf 93' lang='lat' dir='ltr'>in-</span> 
     </span>
     <span class='ocr_line' id='line_1_17' title="bbox 293 1272 1836 1329; baseline -0.001 -14"><span class='ocrx_word' id='word_1_147' title='bbox 293 1279 537 1315; x_wconf 91' lang='lat' dir='ltr'>notescunt.</span> <span class='ocrx_word' id='word_1_148' title='bbox 602 1272 810 1315; x_wconf 88' lang='lat' dir='ltr'>Ceterum</span> <span class='ocrx_word' id='word_1_149' title='bbox 828 1272 1001 1314; x_wconf 89' lang='lat' dir='ltr'>novitas</span> <span class='ocrx_word' id='word_1_150' title='bbox 1022 1274 1326 1315; x_wconf 87' lang='lat' dir='ltr'>translacionis</span> <span class='ocrx_word' id='word_1_151' title='bbox 1342 1273 1464 1315; x_wconf 91' lang='lat' dir='ltr'>ducit</span> <span class='ocrx_word' id='word_1_152' title='bbox 1484 1274 1665 1329; x_wconf 87' lang='lat' dir='ltr'>vulgum</span> <span class='ocrx_word' id='word_1_153' title='bbox 1689 1287 1836 1315; x_wconf 87' lang='lat' dir='ltr'>neces-</span> 
     </span>
     <span class='ocr_line' id='line_1_18' title="bbox 292 1342 1838 1398; baseline -0.001 -13"><span class='ocrx_word' id='word_1_154' title='bbox 292 1344 405 1385; x_wconf 91' lang='lat' dir='ltr'>sario</span> <span class='ocrx_word' id='word_1_155' title='bbox 437 1344 493 1384; x_wconf 89' lang='lat' dir='ltr'>ad</span> <span class='ocrx_word' id='word_1_156' title='bbox 526 1356 732 1394; x_wconf 89' lang='lat' dir='ltr'>errorem,</span> <span class='ocrx_word' id='word_1_157' title='bbox 754 1343 859 1397; x_wconf 89' lang='lat' dir='ltr'>quia</span> <span class='ocrx_word' id='word_1_158' title='bbox 882 1343 1056 1397; x_wconf 72' lang='lat' dir='ltr'>Logica,</span> <span class='ocrx_word' id='word_1_159' title='bbox 1078 1358 1165 1398; x_wconf 89' lang='lat' dir='ltr'>que</span> <span class='ocrx_word' id='word_1_160' title='bbox 1196 1342 1409 1385; x_wconf 85' lang='lat' dir='ltr'>translata</span> <span class='ocrx_word' id='word_1_161' title='bbox 1440 1350 1507 1385; x_wconf 91' lang='lat' dir='ltr'>est</span> <span class='ocrx_word' id='word_1_162' title='bbox 1540 1357 1566 1384; x_wconf 92' lang='lat' dir='ltr'>a</span> <span class='ocrx_word' id='word_1_163' title='bbox 1588 1343 1838 1397; x_wconf 84' lang='lat' dir='ltr'>quingentis</span> 
     </span>
     <span class='ocr_line' id='line_1_19' title="bbox 293 1412 1837 1467; baseline 0 -14"><span class='ocrx_word' id='word_1_164' title='bbox 293 1413 432 1465; x_wconf 91' lang='lat' dir='ltr'>annis,</span> <span class='ocrx_word' id='word_1_165' title='bbox 453 1414 530 1454; x_wconf 84' lang='lat' dir='ltr'>vix</span> <span class='ocrx_word' id='word_1_166' title='bbox 561 1413 696 1454; x_wconf 89' lang='lat' dir='ltr'>scitur</span> <span class='ocrx_word' id='word_1_167' title='bbox 727 1412 885 1462; x_wconf 88' lang='lat' dir='ltr'>adhuc,</span> <span class='ocrx_word' id='word_1_168' title='bbox 906 1426 986 1455; x_wconf 91' lang='lat' dir='ltr'>nec</span> <span class='ocrx_word' id='word_1_169' title='bbox 1018 1413 1130 1454; x_wconf 89' lang='lat' dir='ltr'>bene</span> <span class='ocrx_word' id='word_1_170' title='bbox 1162 1414 1308 1462; x_wconf 90' lang='lat' dir='ltr'>scitur,</span> <span class='ocrx_word' id='word_1_171' title='bbox 1330 1413 1442 1454; x_wconf 90' lang='lat' dir='ltr'>sicut</span> <span class='ocrx_word' id='word_1_172' title='bbox 1473 1414 1701 1467; x_wconf 89' lang='lat' dir='ltr'>opiniones</span> <span class='ocrx_word' id='word_1_173' title='bbox 1732 1425 1837 1454; x_wconf 91' lang='lat' dir='ltr'>con-</span> 
     </span>
     <span class='ocr_line' id='line_1_20' title="bbox 295 1482 1838 1537; baseline 0.001 -14"><span class='ocrx_word' id='word_1_174' title='bbox 295 1482 426 1524; x_wconf 89' lang='lat' dir='ltr'>trarie</span> <span class='ocrx_word' id='word_1_175' title='bbox 468 1483 588 1536; x_wconf 91' lang='lat' dir='ltr'>apud</span> <span class='ocrx_word' id='word_1_176' title='bbox 630 1496 783 1524; x_wconf 89' lang='lat' dir='ltr'>omnes</span> <span class='ocrx_word' id='word_1_177' title='bbox 826 1483 1083 1535; x_wconf 88' lang='lat' dir='ltr'>ostendunt,</span> <span class='ocrx_word' id='word_1_178' title='bbox 1117 1484 1326 1537; x_wconf 89' lang='lat' dir='ltr'>precipue</span> <span class='ocrx_word' id='word_1_179' title='bbox 1361 1497 1463 1525; x_wconf 91' lang='lat' dir='ltr'>cum</span> <span class='ocrx_word' id='word_1_180' title='bbox 1498 1482 1595 1524; x_wconf 90' lang='lat' dir='ltr'>libri</span> <span class='ocrx_word' id='word_1_181' title='bbox 1633 1483 1838 1524; x_wconf 90' lang='lat' dir='ltr'>meliores</span> 
     </span>
     <span class='ocr_line' id='line_1_21' title="bbox 297 1551 1837 1608; baseline 0.001 -14"><span class='ocrx_word' id='word_1_182' title='bbox 297 1552 441 1594; x_wconf 89' lang='lat' dir='ltr'>desint</span> <span class='ocrx_word' id='word_1_183' title='bbox 472 1551 604 1607; x_wconf 88' lang='lat' dir='ltr'>vulgo</span> <span class='ocrx_word' id='word_1_184' title='bbox 635 1552 898 1594; x_wconf 87' lang='lat' dir='ltr'>Latinorum</span> <span class='ocrx_word' id='word_1_185' title='bbox 935 1553 1107 1602; x_wconf 82' lang='lat' dir='ltr'>adhuc3</span> <span class='ocrx_word' id='word_1_186' title='bbox 1150 1561 1423 1608; x_wconf 90' lang='lat' dir='ltr'>quapropter</span> <span class='ocrx_word' id='word_1_187' title='bbox 1454 1551 1667 1595; x_wconf 88' lang='lat' dir='ltr'>naturalis</span> <span class='ocrx_word' id='word_1_188' title='bbox 1698 1553 1837 1607; x_wconf 89' lang='lat' dir='ltr'>philo-</span> 
     </span>
     <span class='ocr_line' id='line_1_22' title="bbox 296 1622 1840 1677; baseline 0.001 -14"><span class='ocrx_word' id='word_1_189' title='bbox 296 1622 454 1676; x_wconf 87' lang='lat' dir='ltr'>sophia</span> <span class='ocrx_word' id='word_1_190' title='bbox 494 1622 764 1672; x_wconf 89' lang='lat' dir='ltr'>Aristotelis‚</span> <span class='ocrx_word' id='word_1_191' title='bbox 805 1636 891 1677; x_wconf 91' lang='lat' dir='ltr'>que</span> <span class='ocrx_word' id='word_1_192' title='bbox 932 1623 1009 1664; x_wconf 82' lang='lat' dir='ltr'>vix</span> <span class='ocrx_word' id='word_1_193' title='bbox 1042 1638 1068 1664; x_wconf 95' lang='lat' dir='ltr'>a</span> <span class='ocrx_word' id='word_1_194' title='bbox 1105 1623 1281 1677; x_wconf 89' lang='lat' dir='ltr'>triginta</span> <span class='ocrx_word' id='word_1_195' title='bbox 1314 1624 1438 1664; x_wconf 89' lang='lat' dir='ltr'>annis</span> <span class='ocrx_word' id='word_1_196' title='bbox 1472 1623 1585 1665; x_wconf 89' lang='lat' dir='ltr'>lecta</span> <span class='ocrx_word' id='word_1_197' title='bbox 1621 1631 1700 1672; x_wconf 90' lang='lat' dir='ltr'>est,</span> <span class='ocrx_word' id='word_1_198' title='bbox 1734 1630 1779 1665; x_wconf 91' lang='lat' dir='ltr'>et</span> <span class='ocrx_word' id='word_1_199' title='bbox 1814 1637 1840 1664; x_wconf 88' lang='lat' dir='ltr'>a</span> 
     </span>
     <span class='ocr_line' id='line_1_23' title="bbox 296 1691 1839 1747; baseline 0.001 -15"><span class='ocrx_word' id='word_1_200' title='bbox 296 1691 448 1746; x_wconf 88' lang='lat' dir='ltr'>paucis</span> <span class='ocrx_word' id='word_1_201' title='bbox 477 1691 595 1742; x_wconf 89' lang='lat' dir='ltr'>viris,</span> <span class='ocrx_word' id='word_1_202' title='bbox 615 1706 641 1733; x_wconf 92' lang='lat' dir='ltr'>a</span> <span class='ocrx_word' id='word_1_203' title='bbox 663 1692 823 1746; x_wconf 91' lang='lat' dir='ltr'>quibus</span> <span class='ocrx_word' id='word_1_204' title='bbox 854 1693 1018 1747; x_wconf 90' lang='lat' dir='ltr'>scripta</span> <span class='ocrx_word' id='word_1_205' title='bbox 1051 1706 1141 1735; x_wconf 92' lang='lat' dir='ltr'>non</span> <span class='ocrx_word' id='word_1_206' title='bbox 1173 1699 1275 1734; x_wconf 91' lang='lat' dir='ltr'>sunt</span> <span class='ocrx_word' id='word_1_207' title='bbox 1305 1692 1434 1745; x_wconf 89' lang='lat' dir='ltr'>facta,</span> <span class='ocrx_word' id='word_1_208' title='bbox 1455 1692 1601 1734; x_wconf 89' lang='lat' dir='ltr'>adhuc</span> <span class='ocrx_word' id='word_1_209' title='bbox 1628 1693 1727 1735; x_wconf 87' lang='lat' dir='ltr'>sciri</span> <span class='ocrx_word' id='word_1_210' title='bbox 1749 1706 1839 1734; x_wconf 91' lang='lat' dir='ltr'>non</span> 
     </span>
     <span class='ocr_line' id='line_1_24' title="bbox 297 1761 1840 1817; baseline 0 -15"><span class='ocrx_word' id='word_1_211' title='bbox 297 1761 457 1815; x_wconf 90' lang='lat' dir='ltr'>poterit</span> <span class='ocrx_word' id='word_1_212' title='bbox 478 1762 597 1816; x_wconf 93' lang='lat' dir='ltr'>apud</span> <span class='ocrx_word' id='word_1_213' title='bbox 619 1761 812 1816; x_wconf 89' lang='lat' dir='ltr'>vulgum.</span> <span class='ocrx_word' id='word_1_214' title='bbox 865 1761 954 1816; x_wconf 78' lang='lat' dir='ltr'>Qui</span> <span class='ocrx_word' id='word_1_215' title='bbox 974 1763 1114 1804; x_wconf 89' lang='lat' dir='ltr'>eciam</span> <span class='ocrx_word' id='word_1_216' title='bbox 1136 1763 1397 1805; x_wconf 89' lang='lat' dir='ltr'>audiverunt</span> <span class='ocrx_word' id='word_1_217' title='bbox 1420 1762 1582 1817; x_wconf 90' lang='lat' dir='ltr'>pluries</span> <span class='ocrx_word' id='word_1_218' title='bbox 1606 1763 1840 1816; x_wconf 87' lang='lat' dir='ltr'>diligenter</span> 
     </span>
     <span class='ocr_line' id='line_1_25' title="bbox 299 1830 1840 1887; baseline 0.001 -16"><span class='ocrx_word' id='word_1_219' title='bbox 299 1830 434 1872; x_wconf 91' lang='lat' dir='ltr'>libros</span> <span class='ocrx_word' id='word_1_220' title='bbox 455 1830 721 1883; x_wconf 88' lang='lat' dir='ltr'>Aristotelis,</span> <span class='ocrx_word' id='word_1_221' title='bbox 743 1838 787 1873; x_wconf 92' lang='lat' dir='ltr'>et</span> <span class='ocrx_word' id='word_1_222' title='bbox 808 1832 883 1873; x_wconf 91' lang='lat' dir='ltr'>diu</span> <span class='ocrx_word' id='word_1_223' title='bbox 904 1839 949 1874; x_wconf 91' lang='lat' dir='ltr'>et</span> <span class='ocrx_word' id='word_1_224' title='bbox 972 1833 1232 1875; x_wconf 89' lang='lat' dir='ltr'>multociens</span> <span class='ocrx_word' id='word_1_225' title='bbox 1255 1833 1298 1873; x_wconf 95' lang='lat' dir='ltr'>in</span> <span class='ocrx_word' id='word_1_226' title='bbox 1312 1832 1491 1887; x_wconf 91' lang='lat' dir='ltr'>puplico</span> <span class='ocrx_word' id='word_1_227' title='bbox 1509 1838 1552 1873; x_wconf 91' lang='lat' dir='ltr'>et</span> <span class='ocrx_word' id='word_1_228' title='bbox 1566 1833 1610 1873; x_wconf 90' lang='lat' dir='ltr'>in</span> <span class='ocrx_word' id='word_1_229' title='bbox 1623 1831 1840 1886; x_wconf 90' lang='lat' dir='ltr'>solempni</span> 
     </span>
     <span class='ocr_line' id='line_1_26' title="bbox 299 1901 1840 1957; baseline 0.001 -16"><span class='ocrx_word' id='word_1_230' title='bbox 299 1901 445 1942; x_wconf 91' lang='lat' dir='ltr'>studio</span> <span class='ocrx_word' id='word_1_231' title='bbox 475 1901 684 1955; x_wconf 89' lang='lat' dir='ltr'>legerunt,</span> <span class='ocrx_word' id='word_1_232' title='bbox 706 1907 750 1943; x_wconf 89' lang='lat' dir='ltr'>et</span> <span class='ocrx_word' id='word_1_233' title='bbox 782 1901 954 1943; x_wconf 86' lang='lat' dir='ltr'>labores</span> <span class='ocrx_word' id='word_1_234' title='bbox 985 1916 1088 1943; x_wconf 91' lang='lat' dir='ltr'>suos</span> <span class='ocrx_word' id='word_1_235' title='bbox 1118 1910 1274 1956; x_wconf 91' lang='lat' dir='ltr'>postea</span> <span class='ocrx_word' id='word_1_236' title='bbox 1301 1902 1500 1957; x_wconf 87' lang='lat' dir='ltr'>diligenti</span> <span class='ocrx_word' id='word_1_237' title='bbox 1523 1908 1567 1943; x_wconf 94' lang='lat' dir='ltr'>et</span> <span class='ocrx_word' id='word_1_238' title='bbox 1588 1901 1719 1956; x_wconf 89' lang='lat' dir='ltr'>longa</span> <span class='ocrx_word' id='word_1_239' title='bbox 1738 1914 1840 1943; x_wconf 88' lang='lat' dir='ltr'>con—</span> 
     </span>
     <span class='ocr_line' id='line_1_27' title="bbox 299 1970 1842 2026; baseline 0.001 -15"><span class='ocrx_word' id='word_1_240' title='bbox 299 1970 567 2012; x_wconf 88' lang='lat' dir='ltr'>sideracione</span> <span class='ocrx_word' id='word_1_241' title='bbox 588 1971 966 2022; x_wconf 84' lang='lat' dir='ltr'>examinaverunt,</span> <span class='ocrx_word' id='word_1_242' title='bbox 987 1985 1073 2013; x_wconf 92' lang='lat' dir='ltr'>non</span> <span class='ocrx_word' id='word_1_243' title='bbox 1097 1979 1280 2026; x_wconf 90' lang='lat' dir='ltr'>possunt</span> <span class='ocrx_word' id='word_1_244' title='bbox 1306 1978 1487 2026; x_wconf 89' lang='lat' dir='ltr'>propter</span> <span class='ocrx_word' id='word_1_245' title='bbox 1516 1970 1679 2013; x_wconf 90' lang='lat' dir='ltr'>malam</span> <span class='ocrx_word' id='word_1_246' title='bbox 1701 1978 1842 2014; x_wconf 87' lang='lat' dir='ltr'>trans-</span> 
     </span>
     <span class='ocr_line' id='line_1_28' title="bbox 301 2039 1842 2096; baseline 0.001 -16"><span class='ocrx_word' id='word_1_247' title='bbox 301 2039 513 2081; x_wconf 89' lang='lat' dir='ltr'>lacionem</span> <span class='ocrx_word' id='word_1_248' title='bbox 548 2047 592 2082; x_wconf 92' lang='lat' dir='ltr'>et</span> <span class='ocrx_word' id='word_1_249' title='bbox 633 2040 741 2082; x_wconf 89' lang='lat' dir='ltr'>alias</span> <span class='ocrx_word' id='word_1_250' title='bbox 777 2055 931 2083; x_wconf 90' lang='lat' dir='ltr'>causas</span> <span class='ocrx_word' id='word_1_251' title='bbox 961 2041 1099 2083; x_wconf 85' lang='lat' dir='ltr'>dictas</span> <span class='ocrx_word' id='word_1_252' title='bbox 1142 2042 1253 2084; x_wconf 91' lang='lat' dir='ltr'>scire</span> <span class='ocrx_word' id='word_1_253' title='bbox 1295 2042 1526 2086; x_wconf 87' lang='lat' dir='ltr'>veritatem</span> <span class='ocrx_word' id='word_1_254' title='bbox 1568 2039 1842 2096; x_wconf 89' lang='lat' dir='ltr'>philosophie</span> 
     </span>
     <span class='ocr_line' id='line_1_29' title="bbox 301 2108 1842 2165; baseline 0.001 -16"><span class='ocrx_word' id='word_1_255' title='bbox 301 2108 558 2151; x_wconf 90' lang='lat' dir='ltr'>Aristotelis</span> <span class='ocrx_word' id='word_1_256' title='bbox 587 2124 665 2164; x_wconf 90' lang='lat' dir='ltr'>per</span> <span class='ocrx_word' id='word_1_257' title='bbox 686 2111 779 2152; x_wconf 89' lang='lat' dir='ltr'>vias</span> <span class='ocrx_word' id='word_1_258' title='bbox 811 2110 906 2165; x_wconf 91' lang='lat' dir='ltr'>ejus</span> <span class='ocrx_word' id='word_1_259' title='bbox 935 2117 979 2152; x_wconf 87' lang='lat' dir='ltr'>et</span> <span class='ocrx_word' id='word_1_260' title='bbox 1010 2125 1189 2153; x_wconf 90' lang='lat' dir='ltr'>suorum</span> <span class='ocrx_word' id='word_1_261' title='bbox 1219 2112 1540 2165; x_wconf 87' lang='lat' dir='ltr'>expositorum.</span> <span class='ocrx_word' id='word_1_262' title='bbox 1601 2109 1680 2152; x_wconf 88' lang='lat' dir='ltr'>Set</span> <span class='ocrx_word' id='word_1_263' title='bbox 1707 2110 1842 2164; x_wconf 86' lang='lat' dir='ltr'>aliqui</span> 
     </span>
     <span class='ocr_line' id='line_1_30' title="bbox 302 2179 1842 2235; baseline 0.001 -16"><span class='ocrx_word' id='word_1_264' title='bbox 302 2179 380 2220; x_wconf 91' lang='lat' dir='ltr'>viri</span> <span class='ocrx_word' id='word_1_265' title='bbox 403 2180 633 2230; x_wconf 89' lang='lat' dir='ltr'>dictorum,</span> <span class='ocrx_word' id='word_1_266' title='bbox 656 2181 835 2229; x_wconf 88' lang='lat' dir='ltr'>scilicet,</span> <span class='ocrx_word' id='word_1_267' title='bbox 853 2181 927 2235; x_wconf 90' lang='lat' dir='ltr'>qui</span> <span class='ocrx_word' id='word_1_268' title='bbox 950 2182 1213 2223; x_wconf 88' lang='lat' dir='ltr'>audiverunt</span> <span class='ocrx_word' id='word_1_269' title='bbox 1234 2182 1314 2223; x_wconf 91' lang='lat' dir='ltr'>has</span> <span class='ocrx_word' id='word_1_270' title='bbox 1336 2181 1559 2231; x_wconf 89' lang='lat' dir='ltr'>sciencias,</span> <span class='ocrx_word' id='word_1_271' title='bbox 1577 2188 1620 2223; x_wconf 91' lang='lat' dir='ltr'>et</span> <span class='ocrx_word' id='word_1_272' title='bbox 1642 2181 1842 2235; x_wconf 86' lang='lat' dir='ltr'>legerunt</span> 
     </span>
    </p>
   </div>
   <div class='ocr_carea' id='block_1_5' title="bbox 1857 867 1897 891">
    <p class='ocr_par' dir='ltr' id='par_1_5' title="bbox 1857 867 1897 891">
     <span class='ocr_line' id='line_1_31' title="bbox 1857 867 1897 891; baseline 0.025 -1"><span class='ocrx_word' id='word_1_273' title='bbox 1857 867 1897 891; x_wconf 90' lang='lat'>10</span> 
     </span>
    </p>
   </div>
   <div class='ocr_carea' id='block_1_6' title="bbox 1858 1220 1897 1254">
    <p class='ocr_par' dir='ltr' id='par_1_6' title="bbox 1858 1220 1897 1254">
     <span class='ocr_line' id='line_1_32' title="bbox 1858 1220 1897 1254; baseline 0 0"><span class='ocrx_word' id='word_1_274' title='bbox 1858 1220 1897 1254; x_wconf 89' lang='grc' dir='ltr'>Ι5</span> 
     </span>
    </p>
   </div>
   <div class='ocr_carea' id='block_1_7' title="bbox 1861 1569 1900 1591">
    <p class='ocr_par' dir='ltr' id='par_1_7' title="bbox 1861 1569 1900 1591">
     <span class='ocr_line' id='line_1_33' title="bbox 1861 1569 1900 1591; baseline 0 0"><span class='ocrx_word' id='word_1_275' title='bbox 1861 1569 1900 1591; x_wconf 86' lang='grc'>20</span> 
     </span>
    </p>
   </div>
   <div class='ocr_carea' id='block_1_8' title="bbox 1862 1914 1900 1948">
    <p class='ocr_par' dir='ltr' id='par_1_8' title="bbox 1862 1914 1900 1948">
     <span class='ocr_line' id='line_1_34' title="bbox 1862 1914 1900 1948; baseline 0 0"><span class='ocrx_word' id='word_1_276' title='bbox 1862 1914 1900 1948; x_wconf 87' lang='lat'>25</span> 
     </span>
    </p>
   </div>
   <div class='ocr_carea' id='block_1_9' title="bbox 302 2250 1904 2306">
    <p class='ocr_par' dir='ltr' id='par_1_9' title="bbox 302 2250 1904 2306">
     <span class='ocr_line' id='line_1_35' title="bbox 302 2250 1904 2306; baseline 0.003 -17"><span class='ocrx_word' id='word_1_277' title='bbox 302 2256 345 2290; x_wconf 92' lang='lat' dir='ltr'>et</span> <span class='ocrx_word' id='word_1_278' title='bbox 376 2250 753 2300; x_wconf 83' lang='lat' dir='ltr'>examinaverunt,</span> <span class='ocrx_word' id='word_1_279' title='bbox 791 2250 991 2292; x_wconf 88' lang='lat' dir='ltr'>videntes</span> <span class='ocrx_word' id='word_1_280' title='bbox 1032 2253 1151 2306; x_wconf 90' lang='lat' dir='ltr'>quod</span> <span class='ocrx_word' id='word_1_281' title='bbox 1190 2265 1268 2305; x_wconf 89' lang='lat' dir='ltr'>per</span> <span class='ocrx_word' id='word_1_282' title='bbox 1303 2258 1478 2293; x_wconf 85' lang='lat' dir='ltr'>textum</span> <span class='ocrx_word' id='word_1_283' title='bbox 1516 2250 1769 2293; x_wconf 90' lang='lat' dir='ltr'>Aristotelis</span> <span class='ocrx_word' id='word_1_284' title='bbox 1799 2257 1843 2291; x_wconf 89' lang='lat' dir='ltr'>et</span> <span class='ocrx_word' id='word_1_285' title='bbox 1862 2262 1904 2294; x_wconf 84' lang='lat'>30</span> 
     </span>
    </p>
   </div>
   <div class='ocr_carea' id='block_1_10' title="bbox 348 2358 1842 2401">
    <p class='ocr_par' dir='ltr' id='par_1_10' title="bbox 348 2358 1842 2401">
     <span class='ocr_line' id='line_1_36' title="bbox 348 2358 1842 2401; baseline 0 -13"><span class='ocrx_word' id='word_1_286' title='bbox 348 2367 387 2388; x_wconf 94' lang='lat'>10</span> <span class='ocrx_word' id='word_1_287' title='bbox 410 2360 538 2389; x_wconf 83' lang='lat' dir='ltr'>album</span> <span class='ocrx_word' id='word_1_288' title='bbox 554 2361 596 2389; x_wconf 87' lang='lat' dir='ltr'>in</span> <span class='ocrx_word' id='word_1_289' title='bbox 615 2361 759 2391; x_wconf 83' lang='lat' dir='ltr'>Greco:</span> <span class='ocrx_word' id='word_1_290' title='bbox 780 2369 800 2390; x_wconf 89' lang='lat' dir='ltr'>a</span> <span class='ocrx_word' id='word_1_291' title='bbox 823 2359 948 2400; x_wconf 89' lang='lat' dir='ltr'>phrase</span> <span class='ocrx_word' id='word_1_292' title='bbox 966 2359 1135 2401; x_wconf 88' lang='lat' dir='ltr'>probably</span> <span class='ocrx_word' id='word_1_293' title='bbox 1152 2359 1343 2401; x_wconf 88' lang='lat' dir='ltr'>indicating</span> <span class='ocrx_word' id='word_1_294' title='bbox 1358 2371 1378 2391; x_wconf 93' lang='lat' dir='ltr'>a</span> <span class='ocrx_word' id='word_1_295' title='bbox 1395 2360 1500 2391; x_wconf 91' lang='lat' dir='ltr'>blank</span> <span class='ocrx_word' id='word_1_296' title='bbox 1524 2360 1558 2391; x_wconf 91' lang='lat' dir='ltr'>in</span> <span class='ocrx_word' id='word_1_297' title='bbox 1583 2359 1642 2391; x_wconf 89' lang='lat' dir='ltr'>the</span> <span class='ocrx_word' id='word_1_298' title='bbox 1662 2363 1734 2390; x_wconf 86' lang='lat' dir='ltr'>text</span> <span class='ocrx_word' id='word_1_299' title='bbox 1757 2358 1842 2389; x_wconf 91' lang='lat' dir='ltr'>srorn</span> 
     </span>
    </p>
   </div>
   <div class='ocr_carea' id='block_1_11' title="bbox 301 2408 1843 2495">
    <p class='ocr_par' dir='ltr' id='par_1_11' title="bbox 301 2408 1843 2495">
     <span class='ocr_line' id='line_1_37' title="bbox 301 2408 1843 2453; baseline 0.001 -13"><span class='ocrx_word' id='word_1_300' title='bbox 301 2409 416 2440; x_wconf 90' lang='lat' dir='ltr'>which</span> <span class='ocrx_word' id='word_1_301' title='bbox 440 2410 499 2441; x_wconf 88' lang='lat' dir='ltr'>the</span> <span class='ocrx_word' id='word_1_302' title='bbox 516 2410 641 2442; x_wconf 91' lang='lat' dir='ltr'>Arabic</span> <span class='ocrx_word' id='word_1_303' title='bbox 666 2411 867 2443; x_wconf 86' lang='lat' dir='ltr'>translation</span> <span class='ocrx_word' id='word_1_304' title='bbox 884 2422 957 2443; x_wconf 90' lang='lat' dir='ltr'>was</span> <span class='ocrx_word' id='word_1_305' title='bbox 974 2413 1087 2443; x_wconf 91' lang='lat' dir='ltr'>made.</span> <span class='ocrx_word' id='word_1_306' title='bbox 1140 2412 1170 2444; x_wconf 91' lang='lat' dir='ltr'>It</span> <span class='ocrx_word' id='word_1_307' title='bbox 1194 2423 1316 2444; x_wconf 90' lang='lat' dir='ltr'>occurs</span> <span class='ocrx_word' id='word_1_308' title='bbox 1339 2412 1536 2453; x_wconf 74' lang='lat' dir='ltr'>frequently</span> <span class='ocrx_word' id='word_1_309' title='bbox 1559 2412 1594 2443; x_wconf 92' lang='lat' dir='ltr'>in</span> <span class='ocrx_word' id='word_1_310' title='bbox 1619 2408 1677 2443; x_wconf 75' lang='lat' dir='ltr'>the</span> <span class='ocrx_word' id='word_1_311' title='bbox 1701 2410 1843 2442; x_wconf 84' lang='lat' dir='ltr'>Arabic-</span> 
     </span>
     <span class='ocr_line' id='line_1_38' title="bbox 303 2461 585 2495; baseline 0.011 -3"><span class='ocrx_word' id='word_1_312' title='bbox 303 2461 401 2493; x_wconf 88' lang='lat' dir='ltr'>Latin</span> <span class='ocrx_word' id='word_1_313' title='bbox 418 2463 585 2495; x_wconf 87' lang='lat' dir='ltr'>versions.</span> 
     </span>
    </p>
   </div>
   <div class='ocr_carea' id='block_1_12' title="bbox 304 2563 1854 2868">
    <p class='ocr_par' dir='ltr' id='par_1_12' title="bbox 304 2563 1854 2868">
     <span class='ocr_line' id='line_1_39' title="bbox 349 2563 1843 2607; baseline 0.001 -14"><span class='ocrx_word' id='word_1_314' title='bbox 349 2572 363 2592; x_wconf 94' lang='lat'>1</span> <span class='ocrx_word' id='word_1_315' title='bbox 390 2563 524 2604; x_wconf 90' lang='lat' dir='ltr'>posset]</span> <span class='ocrx_word' id='word_1_316' title='bbox 541 2563 650 2603; x_wconf 87' lang='lat' dir='ltr'>possit</span> <span class='ocrx_word' id='word_1_317' title='bbox 665 2564 731 2595; x_wconf 88' lang='lat' dir='ltr'>FD</span> <span class='ocrx_word' id='word_1_318' title='bbox 819 2564 901 2606; x_wconf 90' lang='lat' dir='ltr'>illis]</span> <span class='ocrx_word' id='word_1_319' title='bbox 921 2565 971 2596; x_wconf 87' lang='lat' dir='ltr'>eis</span> <span class='ocrx_word' id='word_1_320' title='bbox 987 2565 1052 2596; x_wconf 88' lang='lat' dir='ltr'>FD</span> <span class='ocrx_word' id='word_1_321' title='bbox 1155 2575 1176 2605; x_wconf 88' lang='lat'><strong>3</strong></span> <span class='ocrx_word' id='word_1_322' title='bbox 1201 2565 1326 2607; x_wconf 88' lang='lat' dir='ltr'>eciam]</span> <span class='ocrx_word' id='word_1_323' title='bbox 1345 2566 1452 2597; x_wconf 85' lang='lat' dir='ltr'>eciam</span> <span class='ocrx_word' id='word_1_324' title='bbox 1471 2564 1566 2596; x_wconf 90' lang='lat' dir='ltr'>multi</span> <span class='ocrx_word' id='word_1_325' title='bbox 1582 2564 1618 2595; x_wconf 90' lang='lat' dir='ltr'><em>D</em></span> <span class='ocrx_word' id='word_1_326' title='bbox 1719 2574 1783 2604; x_wconf 81' lang='lat'>3·4</span> <span class='ocrx_word' id='word_1_327' title='bbox 1808 2564 1843 2595; x_wconf 86' lang='lat' dir='ltr'>in</span> 
     </span>
     <span class='ocr_line' id='line_1_40' title="bbox 304 2613 1844 2658; baseline 0.001 -13"><span class='ocrx_word' id='word_1_328' title='bbox 304 2613 435 2656; x_wconf 87' lang='lat' dir='ltr'>multis]</span> <span class='ocrx_word' id='word_1_329' title='bbox 452 2625 471 2645; x_wconf 88' lang='lat' dir='ltr'>a</span> <span class='ocrx_word' id='word_1_330' title='bbox 489 2616 656 2656; x_wconf 89' lang='lat' dir='ltr'>principio</span> <span class='ocrx_word' id='word_1_331' title='bbox 671 2615 707 2646; x_wconf 91' lang='lat' dir='ltr'><em>D</em></span> <span class='ocrx_word' id='word_1_332' title='bbox 830 2627 850 2656; x_wconf 89' lang='lat'>4</span> <span class='ocrx_word' id='word_1_333' title='bbox 875 2616 1005 2658; x_wconf 90' lang='lat' dir='ltr'>multis]</span> <span class='ocrx_word' id='word_1_334' title='bbox 1023 2617 1137 2649; x_wconf 88' lang='lat' dir='ltr'>multis</span> <span class='ocrx_word' id='word_1_335' title='bbox 1153 2617 1309 2658; x_wconf 90' lang='lat' dir='ltr'>capitulis</span> <span class='ocrx_word' id='word_1_336' title='bbox 1325 2617 1359 2649; x_wconf 99' lang='lat' dir='ltr'><em>F</em></span> <span class='ocrx_word' id='word_1_337' title='bbox 1414 2616 1565 2658; x_wconf 89' lang='lat' dir='ltr'>linguas]</span> <span class='ocrx_word' id='word_1_338' title='bbox 1582 2616 1714 2657; x_wconf 88' lang='lat' dir='ltr'>linguas</span> <span class='ocrx_word' id='word_1_339' title='bbox 1731 2617 1844 2648; x_wconf 89' lang='lat' dir='ltr'>diver-</span> 
     </span>
     <span class='ocr_line' id='line_1_41' title="bbox 304 2666 1843 2711; baseline 0.002 -14"><span class='ocrx_word' id='word_1_340' title='bbox 304 2676 360 2697; x_wconf 93' lang='lat' dir='ltr'>sas</span> <span class='ocrx_word' id='word_1_341' title='bbox 376 2666 410 2696; x_wconf 88' lang='lat' dir='ltr'><em>F</em></span> <span class='ocrx_word' id='word_1_342' title='bbox 478 2668 498 2697; x_wconf 90' lang='lat'>8</span> <span class='ocrx_word' id='word_1_343' title='bbox 522 2667 579 2700; x_wconf 82' lang='lat' dir='ltr'>alt.</span> <span class='ocrx_word' id='word_1_344' title='bbox 596 2670 631 2699; x_wconf 91' lang='lat' dir='ltr'>in</span> <span class='ocrx_word' id='word_1_345' title='bbox 648 2679 714 2700; x_wconf 83' lang='lat' dir='ltr'>om.</span> <span class='ocrx_word' id='word_1_346' title='bbox 731 2669 767 2699; x_wconf 93' lang='lat' dir='ltr'><em>D</em></span> <span class='ocrx_word' id='word_1_347' title='bbox 840 2679 862 2710; x_wconf 94' lang='lat'>9</span> <span class='ocrx_word' id='word_1_348' title='bbox 884 2670 940 2701; x_wconf 84' lang='lat' dir='ltr'>alt.</span> <span class='ocrx_word' id='word_1_349' title='bbox 961 2669 1042 2711; x_wconf 90' lang='lat' dir='ltr'>nec]</span> <span class='ocrx_word' id='word_1_350' title='bbox 1060 2680 1129 2701; x_wconf 91' lang='lat' dir='ltr'>non</span> <span class='ocrx_word' id='word_1_351' title='bbox 1145 2670 1181 2701; x_wconf 91' lang='lat' dir='ltr'><em>D</em></span> <span class='ocrx_word' id='word_1_352' title='bbox 1234 2671 1263 2701; x_wconf 89' lang='lat' dir='ltr'>si</span> <span class='ocrx_word' id='word_1_353' title='bbox 1276 2669 1374 2711; x_wconf 89' lang='lat' dir='ltr'>sunt]</span> <span class='ocrx_word' id='word_1_354' title='bbox 1392 2670 1420 2701; x_wconf 95' lang='lat' dir='ltr'>si</span> <span class='ocrx_word' id='word_1_355' title='bbox 1433 2670 1501 2701; x_wconf 91' lang='lat' dir='ltr'>sint</span> <span class='ocrx_word' id='word_1_356' title='bbox 1513 2668 1576 2700; x_wconf 89' lang='lat' dir='ltr'>FD</span> <span class='ocrx_word' id='word_1_357' title='bbox 1653 2679 1693 2700; x_wconf 89' lang='lat'>10</span> <span class='ocrx_word' id='word_1_358' title='bbox 1715 2668 1843 2710; x_wconf 88' lang='lat' dir='ltr'>album]</span> 
     </span>
     <span class='ocr_line' id='line_1_42' title="bbox 305 2718 1846 2765; baseline 0.003 -17"><span class='ocrx_word' id='word_1_359' title='bbox 305 2718 393 2749; x_wconf 61' lang='lat' dir='ltr'>Albi-1</span> <span class='ocrx_word' id='word_1_360' title='bbox 409 2719 514 2750; x_wconf 91' lang='lat' dir='ltr'>MFD</span> <span class='ocrx_word' id='word_1_361' title='bbox 652 2731 691 2760; x_wconf 88' lang='lat'>13</span> <span class='ocrx_word' id='word_1_362' title='bbox 715 2721 811 2763; x_wconf 91' lang='lat' dir='ltr'>tunc]</span> <span class='ocrx_word' id='word_1_363' title='bbox 829 2732 894 2753; x_wconf 91' lang='lat' dir='ltr'>nec</span> <span class='ocrx_word' id='word_1_364' title='bbox 910 2722 973 2752; x_wconf 87' lang='lat' dir='ltr'>FD</span> <span class='ocrx_word' id='word_1_365' title='bbox 1110 2732 1148 2763; x_wconf 89' lang='lat'>15</span> <span class='ocrx_word' id='word_1_366' title='bbox 1171 2723 1264 2765; x_wconf 93' lang='lat' dir='ltr'>aliis]</span> <span class='ocrx_word' id='word_1_367' title='bbox 1281 2723 1358 2754; x_wconf 89' lang='lat' dir='ltr'>aliis</span> <span class='ocrx_word' id='word_1_368' title='bbox 1374 2721 1469 2754; x_wconf 90' lang='lat' dir='ltr'>libris</span> <span class='ocrx_word' id='word_1_369' title='bbox 1484 2721 1550 2753; x_wconf 88' lang='lat' dir='ltr'>FD</span> <span class='ocrx_word' id='word_1_370' title='bbox 1685 2731 1721 2760; x_wconf 93' lang='lat'>17</span> <span class='ocrx_word' id='word_1_371' title='bbox 1745 2721 1846 2761; x_wconf 90' lang='lat' dir='ltr'>quin—</span> 
     </span>
     <span class='ocr_line' id='line_1_43' title="bbox 305 2771 1848 2816; baseline 0.002 -15"><span class='ocrx_word' id='word_1_372' title='bbox 305 2771 434 2812; x_wconf 81' lang='lat' dir='ltr'>gentis]</span> <span class='ocrx_word' id='word_1_373' title='bbox 453 2772 732 2812; x_wconf 89' lang='lat' dir='ltr'>quinquingentis</span> <span class='ocrx_word' id='word_1_374' title='bbox 751 2773 786 2803; x_wconf 89' lang='lat' dir='ltr'><em>F</em></span> <span class='ocrx_word' id='word_1_375' title='bbox 1072 2786 1115 2806; x_wconf 87' lang='lat'>20</span> <span class='ocrx_word' id='word_1_376' title='bbox 1138 2774 1373 2816; x_wconf 89' lang='lat' dir='ltr'>philosophia]</span> <span class='ocrx_word' id='word_1_377' title='bbox 1392 2774 1605 2814; x_wconf 88' lang='lat' dir='ltr'>philosophia</span> <span class='ocrx_word' id='word_1_378' title='bbox 1622 2774 1655 2804; x_wconf 90' lang='lat' dir='ltr'>in</span> <span class='ocrx_word' id='word_1_379' title='bbox 1674 2773 1766 2805; x_wconf 88' lang='lat' dir='ltr'>libris</span> <span class='ocrx_word' id='word_1_380' title='bbox 1781 2773 1848 2805; x_wconf 90' lang='lat' dir='ltr'>FD</span> 
     </span>
     <span class='ocr_line' id='line_1_44' title="bbox 307 2822 1854 2868; baseline 0.003 -15"><span class='ocrx_word' id='word_1_381' title='bbox 307 2832 345 2852; x_wconf 87' lang='lat'>21</span> <span class='ocrx_word' id='word_1_382' title='bbox 373 2822 477 2865; x_wconf 88' lang='lat' dir='ltr'>lecta]</span> <span class='ocrx_word' id='word_1_383' title='bbox 494 2825 609 2856; x_wconf 87' lang='lat' dir='ltr'>habita</span> <span class='ocrx_word' id='word_1_384' title='bbox 623 2824 659 2855; x_wconf 91' lang='lat' dir='ltr'><em>D</em></span> <span class='ocrx_word' id='word_1_385' title='bbox 757 2835 799 2865; x_wconf 86' lang='lat'>23</span> <span class='ocrx_word' id='word_1_386' title='bbox 824 2825 909 2868; x_wconf 84' lang='lat' dir='ltr'>Qui]</span> <span class='ocrx_word' id='word_1_387' title='bbox 927 2826 1065 2867; x_wconf 85' lang='lat' dir='ltr'>Quique</span> <span class='ocrx_word' id='word_1_388' title='bbox 1082 2827 1116 2857; x_wconf 89' lang='lat' dir='ltr'><em>F</em></span> <span class='ocrx_word' id='word_1_389' title='bbox 1202 2827 1382 2867; x_wconf 88' lang='lat' dir='ltr'>diligenter</span> <span class='ocrx_word' id='word_1_390' title='bbox 1402 2837 1468 2858; x_wconf 85' lang='lat' dir='ltr'>om.</span> <span class='ocrx_word' id='word_1_391' title='bbox 1486 2825 1520 2857; x_wconf 91' lang='lat' dir='ltr'><em>D</em></span> <span class='ocrx_word' id='word_1_392' title='bbox 1620 2836 1662 2866; x_wconf 82' lang='lat'>29</span> <span class='ocrx_word' id='word_1_393' title='bbox 1686 2831 1720 2857; x_wconf 91' lang='lat' dir='ltr'>et</span> <span class='ocrx_word' id='word_1_394' title='bbox 1736 2837 1801 2858; x_wconf 88' lang='lat' dir='ltr'>om.</span> <span class='ocrx_word' id='word_1_395' title='bbox 1820 2826 1854 2858; x_wconf 88' lang='lat' dir='ltr'><em>F</em></span> 
     </span>
    </p>
   </div>
  </div>
 </body>
</html>
