1934 3152
823 138 875 194 63

91 251 317 294 dividuum
332 251 423 299 celi,
439 256 483 293 et
497 251 540 292 in
556 252 916 307 7⁰Metlzaplzisice
932 267 1144 309 generans
1161 267 1247 296 non
1262 263 1440 309 generat
1458 257 1621 311 aliquid

93 321 172 363 nisi
203 335 282 376 per
313 321 555 372 materiam,
584 323 686 375 quia
717 336 928 376 generans
959 324 1192 366 univocum
1222 327 1279 367 de
1310 341 1397 380 quo
1429 328 1622 381 loquitur

92 397 137 433 et
157 397 414 446 generatum
437 404 524 432 non
553 390 760 433 differunt
788 393 867 434 nisi
898 393 939 434 in
969 394 1192 436 individuo
1221 409 1308 437 non
1331 397 1373 437 in
1398 397 1553 451 specie,
1578 404 1626 438 ut

92 467 219 516 pater
241 467 283 502 et
310 460 436 502 filius.
498 460 559 501 Et
584 461 644 502 sic
672 461 927 517 intelligitur
950 465 1162 506 autoritas
1188 466 1231 506 in
1258 466 1429 507 decimo
1451 466 1626 507 Metha-

54 551 72 582 5
83 531 258 586 pltz'sice,
289 531 364 572 ubi
393 530 553 572 dicitur
579 531 700 585 quod
724 532 996 574 ‘differencia
1027 535 1157 576 maris
1184 542 1228 576 et
1257 535 1417 577 femine
1444 550 1531 577 non
1559 543 1626 578 est

94 601 175 657 nisi
197 601 241 641 in
264 599 448 641 materia
462 597 485 642 '.
549 599 608 640 Et
638 600 707 641 hic
734 615 883 642 sensus
906 603 1088 644 materie
1109 610 1154 646 et
1175 604 1314 646 forme
1336 605 1625 658 proculdubio

92 670 300 712 asseritur
327 670 384 711 ab
409 668 654 710 Aristotele
680 670 722 710 in
747 676 791 723 7Ο
812 671 1138 727 Μείίιαρἦζςὶεε,
1160 674 1232 715 ubi
1256 675 1361 717 dicit
1388 675 1506 729 quod
1533 675 1626 716 uni-

91 739 260 781 versale
276 745 341 781 est
358 739 497 780 forma
515 747 717 793 respectu
736 740 974 794 singularis,
992 748 1036 783 et
1058 744 1328 785 individuum
1345 751 1409 785 est
1434 745 1626 798 materia,

93 816 290 865 respectu
313 809 580 861 universalis,
601 816 645 851 et
668 810 806 853 multe
834 812 917 853 alie
939 813 1196 856 autoritates
1224 814 1282 856 sic
1311 814 1625 868 Intelliguntur,

36 897 75 920 10
93 887 138 922 et
160 879 361 922 similiter
381 893 605 922 sermones
627 881 915 934 magistrales

152 949 327 992 Ultimo
350 949 484 991 modo
507 949 687 991 materie
709 956 752 991 et
774 950 910 992 forme
933 951 1190 1006 intelligitur
1218 954 1337 1007 quod
1361 952 1626 996 Aristoteles

93 1019 199 1062 dicit
222 1019 342 1073 quod
373 1018 484 1073 ignis
514 1019 613 1073 plus
643 1020 778 1061 habet
806 1021 862 1061 de
893 1021 1032 1062 forma
1063 1036 1196 1076 quam
1227 1030 1353 1074 terra,
1382 1030 1496 1065 terra
1528 1024 1626 1078 plus

93 1089 149 1130 de
177 1089 369 1139 materia,
391 1089 434 1130 id
464 1095 542 1140 est,
566 1090 676 1143 ignis
704 1089 839 1132 habet
868 1091 966 1144 plus
997 1092 1052 1133 de
1083 1105 1177 1133 esse
1198 1093 1333 1134 nobili
1356 1107 1489 1147 quam
1512 1099 1626 1135 terra

93 1159 150 1200 de
173 1165 329 1200 natura
349 1159 501 1200 viliori.
565 1158 646 1201 Set
673 1167 791 1202 certe
819 1161 941 1215 igniS‚
971 1162 1084 1202 sicut
1113 1162 1247 1203 habet
1274 1163 1372 1216 plus
1401 1163 1457 1204 de
1485 1163 1625 1205 forma

36 1245 73 1276 15
93 1227 296 1282 specifica
319 1228 534 1279 nobiliori,
560 1243 646 1283 que
673 1236 739 1270 est
760 1229 898 1271 altera
925 1245 1025 1285 pars
1054 1233 1300 1285 compositi,
1322 1233 1380 1273 sic
1410 1232 1543 1274 habet
1570 1234 1626 1274 de

94 1298 277 1339 materia
305 1298 510 1352 specifica
539 1298 738 1341 nobiliori
767 1313 900 1354 quam
930 1308 1056 1349 terra,
1081 1302 1263 1343 materia
1284 1303 1399 1342 enim
1422 1309 1465 1343 et
1486 1302 1627 1343 forma

86 1368 285 1410 ‘secundo
318 1368 453 1409 modo
483 1382 578 1410 sese
609 1370 941 1422 corespondent.
1008 1370 1267 1412 Auctoritas
1297 1371 1551 1413 Aristotelis
1581 1379 1626 1412 et

92 1437 318 1491 Averrois‚
349 1439 423 1492 qui
457 1438 608 1480 dicunt
647 1439 878 1481 materiam
916 1454 1008 1481 esse
1045 1454 1177 1482 unam
1209 1454 1391 1483 numero
1426 1449 1623 1495 respectu

93 1508 426 1559 contrariorum,
455 1508 589 1550 habet
611 1510 839 1551 veritatem
869 1510 912 1550 in
940 1510 1205 1552 alteracione
1232 1511 1432 1561 naturali,
1457 1512 1513 1552 de
1538 1525 1626 1565 qua

35 1595 76 1616 20
93 1577 321 1632 potissime
342 1577 510 1632 loquor,
528 1579 632 1632 quia
653 1579 734 1620 hec
756 1586 822 1620 est
844 1579 1060 1621 sensibilis
1077 1586 1121 1622 et
1142 1581 1364 1630 naturalis,
1382 1581 1626 1623 considerat

93 1647 322 1688 materiam
358 1647 620 1689 sensibilem.
683 1649 797 1690 Item
835 1650 877 1690 in
918 1648 1031 1691 linea
1064 1651 1363 1704 generacionis
1398 1658 1442 1692 et
1478 1665 1624 1692 corru-

92 1716 261 1770 pcionis
279 1717 284 1772 Ι
303 1717 599 1771 singularium,
616 1718 700 1760 hoc
717 1718 975 1772 intelligitur
995 1719 1305 1774 principaliter,
1323 1720 1426 1773 quia
1446 1734 1624 1774 genera-

92 1786 238 1827 ciones
274 1793 319 1828 et
359 1788 664 1841 corrupciones
698 1794 800 1830 sunt
841 1789 983 1842 primo
1018 1787 1086 1829 vel
1127 1803 1206 1842 per
1244 1803 1291 1830 se
1325 1790 1624 1842 singularium.

93 1855 208 1897 Item
254 1858 311 1898 de
357 1858 541 1899 materia
587 1858 631 1898 in
678 1857 790 1899 linea
832 1858 1141 1899 universalium
1183 1859 1328 1900 adhuc
1370 1859 1625 1913 intelligitur

33 1939 71 1971 25
91 1924 174 1966 hoc
213 1926 361 1977 modo,
398 1927 503 1980 quia
538 1940 688 1980 genUS,
724 1928 844 1981 quod
880 1935 946 1969 est
988 1928 1192 1978 materia,
1217 1935 1282 1970 est
1317 1942 1452 1969 unum
1488 1942 1626 1983 genus

92 2007 274 2038 nurnero
303 2002 348 2037 et
372 2010 459 2037 non
486 1997 625 2052 plura,
645 1997 744 2039 licet
768 2011 854 2038 non
875 1998 930 2038 sit
952 2011 1037 2038 una
1065 2012 1132 2038 res
1154 2012 1336 2039 numero
1357 2000 1433 2040 sed
1455 2013 1625 2052 genere,

91 2066 204 2107 sicut
239 2066 375 2108 homo
412 2072 478 2108 est
515 2080 602 2107 una
638 2068 805 2120 species
842 2081 1037 2117 numero,
1075 2067 1176 2109 licet
1212 2082 1278 2109 res
1319 2068 1413 2122 ipsa
1446 2069 1503 2109 sit
1539 2082 1625 2110 una

138 2216 151 2236 1
179 2208 217 2240 7⁰
233 2205 526 2246 Methaphisiee]
557 2206 575 2236 l.
603 2206 659 2245 vii,
687 2216 714 2237 c.
740 2216 782 2245 32
808 2206 898 2237 ‘Sed
926 2206 1099 2238 invenitur
1122 2217 1165 2237 ex
1194 2207 1266 2238 istis
1293 2208 1385 2247 quod
1412 2208 1627 2239 substanciae

91 2258 252 2299 propriae
269 2258 398 2289 habent
414 2268 553 2298 semper
569 2259 764 2290 necessario
780 2258 879 2289 aliam
896 2259 1133 2300 substantiam,
1153 2282 1162 2291 .
1184 2283 1192 2291 .
1210 2283 1218 2290 .
1235 2260 1258 2291 .'
1436 2271 1456 2299 4
1481 2263 1627 2293 decimo

91 2309 385 2350 Methaphisice]
404 2310 425 2343 1.
446 2321 479 2350 x,
499 2320 528 2341 c.
547 2320 588 2350 25
609 2310 675 2342 ‘Et
697 2311 909 2350 querendum
933 2316 986 2341 est
1009 2321 1115 2351 quare
1140 2311 1262 2343 mulier
1285 2322 1353 2343 non
1378 2313 1492 2343 differt
1514 2323 1533 2344 a
1553 2313 1626 2344 viro

91 2364 278 2395 secuudum
296 2363 439 2394 sormam
458 2388 466 2395 .
486 2387 494 2395 .
517 2363 535 2393 .'
648 2364 668 2394 8
693 2366 731 2397 7⁰
746 2363 1036 2405 Methaphisiee]
1054 2363 1076 2394 1.
1093 2363 1151 2404 vii,
1173 2375 1202 2396 c.
1222 2374 1277 2406 57,
1296 2366 1349 2405 58.
1466 2375 1504 2396 12
1528 2368 1627 2403 ignis

90 2419 178 2454 plus
194 2418 308 2448 habet
325 2440 333 2448 .
350 2439 358 2446 .
378 2415 405 2456 .]
422 2415 473 2445 De
490 2414 564 2446 Celo
580 2419 611 2445 et
625 2414 768 2456 Mundo,
788 2416 809 2447 1.
827 2416 874 2448 iii.
891 2416 1029 2455 passim.
1349 2427 1386 2456 17
1409 2420 1628 2450 Auctoritas

90 2470 308 2500 Aristotelis
325 2492 333 2500 .
353 2492 362 2500 .
383 2467 408 2509 .]
425 2467 645 2508 physicorum
662 2467 682 2499 l.
701 2467 746 2508 iv,
766 2478 794 2499 c.
813 2469 855 2507 84
873 2473 907 2499 et
923 2478 1043 2500 comm.

138 2603 153 2624 1
179 2593 339 2635 generat]
357 2598 539 2633 generatur
555 2593 590 2624 D
744 2604 763 2624 2
788 2593 865 2635 per]
883 2598 1023 2634 propter
1037 2593 1102 2625 FD
1212 2594 1404 2636 materiam]
1423 2599 1574 2626 naturam
1591 2595 1627 2626 D

90 2654 111 2684 5
135 2645 272 2687 dicitur]
290 2645 373 2676 dicit
387 2645 422 2676 F
716 2646 779 2685 7-8
805 2645 873 2676 Ubi
890 2668 898 2677 .
919 2671 927 2678 .
945 2669 954 2677 .
971 2647 1112 2677 materia
1129 2651 1207 2677 ante
1222 2652 1256 2678 et
1272 2647 1325 2678 hic
1342 2657 1463 2679 sensus
1479 2647 1572 2679 habet
1586 2648 1627 2678 M

95 2707 131 2728 11
159 2697 306 2739 Ultimo]
325 2698 450 2729 Ultimo
465 2702 578 2729 autem
594 2697 657 2729 FD
847 2708 885 2738 13
911 2697 1018 2740 terra]
1042 2703 1141 2738 terra,
1161 2704 1195 2730 et
1211 2704 1300 2730 terra
1316 2699 1366 2731 F:
1389 2705 1477 2732 t.e.t.
1498 2700 1575 2741 plus
1590 2700 1626 2730 D

95 2760 134 2789 14
158 2750 293 2792 natura]
311 2760 387 2781 esse
404 2750 439 2780 D
596 2760 634 2790 17
658 2749 870 2792 Auctoritas]
887 2750 1085 2783 Auctoritas
1100 2761 1182 2784 vero
1198 2751 1245 2784 F:
1270 2751 1467 2784 Auctoritas
1484 2752 1574 2784 enim
1591 2752 1627 2783 D

95 2802 134 2832 18
157 2801 231 2844 qui]
247 2812 315 2842 qua
330 2802 376 2833 F:
401 2813 467 2843 que
497 2801 533 2832 D
642 2811 682 2842 19
705 2801 823 2844 habet]
840 2802 965 2834 habent
980 2802 1016 2833 D
1126 2813 1165 2834 22
1189 2802 1270 2845 hoc]
1288 2803 1342 2836 hic
1358 2804 1392 2835 F
1487 2814 1529 2845 23
1553 2804 1624 2846 vel]

90 2859 127 2886 et
141 2853 192 2886 F:
219 2865 286 2886 om.
303 2853 340 2885 D
470 2863 511 2895 25
535 2853 630 2896 quia]
647 2854 738 2895 quod
754 2854 789 2886 F

1646 1731 1722 1761 161)
1744 1740 1771 1760 2.
