1934 3152
134 545 255 577 34³1·

1011 73 1093 106 122

277 182 393 224 enim
415 180 594 236 spiritus
617 179 830 223 radicales
853 178 964 221 fiunt
986 179 1030 221 in
1052 180 1294 233 embrione,
1315 180 1428 223 sicut
1451 181 1580 222 docet
1594 179 1825 222 Avicenna

277 253 321 293 in
351 257 397 307 9⁰
417 252 486 294 De
505 251 792 293 Animalibus
819 256 864 291 et
885 249 1040 291 asserit
1068 250 1187 303 quod
1219 257 1285 292 est
1314 251 1536 292 sentencia
1556 249 1826 299 Aristotelis,

278 329 322 364 et
365 323 571 376 reprobat
613 321 673 362 ibi
711 319 948 362 Galienum
985 319 1361 363 contradicentem
1394 319 1628 362 Aristoteli
1665 320 1709 361 in
1742 319 1826 361 hac

278 399 415 445 parte.
479 391 559 433 Set
580 390 662 431 hec
688 388 1045 430 certificabuntur
1071 389 1250 431 inferius
1273 390 1429 445 quinto
1449 390 1573 431 libro.
1637 389 1827 431 Materia

278 476 382 503 vero
415 461 654 502 secundum
689 459 917 514 Averroys
957 458 1029 499 hic
1061 466 1128 501 est
1162 460 1302 501 tribus
1337 460 1496 513 modis,
1522 467 1570 501 ut
1607 458 1825 513 composi-

279 531 402 573 cione
429 537 619 579 tantum,
642 529 754 570 sicut
781 526 786 584 Ι
815 528 985 582 lapides
1014 535 1115 570 sunt
1147 529 1191 570 in
1221 543 1378 572 acervo
1401 543 1410 580 ;
1446 529 1516 570 vel
1545 529 1826 580 alteracione,

278 606 327 641 ut
348 600 474 655 panis
492 606 558 641 est
575 599 760 640 materia
777 598 1015 652 sanguinis,
1033 599 1137 653 quia
1153 599 1363 641 alteratur
1381 606 1425 641 et
1441 605 1765 642 transmutatur
1781 598 1826 639 in

275 670 549 723 sanguinem,
567 674 634 710 set
656 668 835 722 sanguis
858 681 946 708 non
968 669 1253 724 componitur
1274 683 1331 711 ex
1354 682 1422 721 eo,
1439 669 1543 723 quia
1564 682 1652 710 non
1676 674 1826 709 manet

276 741 320 780 in
349 753 402 780 eo
425 746 492 780 set
518 744 840 780 transmutatur
862 738 906 778 in
933 738 1104 793 ipsum3
1137 738 1464 793 composicione
1485 745 1529 780 et
1551 737 1826 787 alteracione‚

277 816 325 850 ut
354 809 575 850 elementa
606 815 711 849 sunt
743 808 926 849 materia
958 808 1103 859 mixti,
1136 815 1179 849 et
1209 799 1389 850 manent
1418 808 1752 862 quodammodo
1782 813 1826 848 et

277 886 429 920 tamen
471 878 715 920 alterantur
757 876 960 918 multum.
1039 878 1205 920 Forma
1256 884 1406 919 autem
1447 885 1515 920 est
1556 877 1664 920 illud
1705 871 1826 932 quod

276 947 448 1001 perficit
490 948 754 1003 principium
799 947 1039 999 materiale,
1081 948 1138 990 de
1179 948 1304 1002 cujus
1348 948 1491 990 modis
1534 949 1700 990 dictum
1743 953 1825 989 est.

276 1018 398 1059 Finis
438 1024 588 1059 autem
632 1024 699 1059 est
744 1016 852 1058 illud
886 1017 943 1058 ad
980 1018 1101 1072 quod
1139 1032 1207 1059 res
1243 1018 1438 1073 perfecta
1474 1018 1516 1059 in
1550 1032 1646 1059 esse
1681 1017 1826 1071 primo

275 1087 517 1137 ordinatur,
540 1094 589 1129 ut
618 1086 715 1128 finis
743 1086 934 1128 hominis
963 1087 1146 1129 ultimus
1175 1094 1240 1130 est
1263 1088 1493 1130 beatitudo
1522 1087 1701 1129 alterius
1721 1086 1825 1137 vite,

276 1164 320 1199 et
358 1157 402 1198 in
436 1157 518 1199 hac
555 1158 647 1198 vita
684 1164 751 1199 est
789 1155 984 1211 perfecta
1020 1158 1243 1212 sapiencia
1281 1158 1324 1199 in
1359 1159 1521 1200 virtute
1558 1163 1602 1199 et
1637 1157 1825 1199 sciencia

275 1233 491 1281 quantum
524 1233 676 1281 potest
708 1226 801 1268 fieri
833 1227 876 1267 in
908 1227 990 1268 hac
1023 1228 1127 1269 vita.
1189 1228 1312 1270 Finis
1341 1236 1491 1270 autem
1517 1228 1748 1269 brutorum
1780 1233 1825 1268 et

274 1297 529 1351 hujusmodi
579 1303 645 1338 est
692 1296 840 1349 homo,
880 1297 983 1350 quia
1028 1304 1185 1340 natura
1227 1297 1330 1340 facit
1377 1312 1428 1340 ea
1475 1304 1656 1352 propter
1696 1310 1826 1338 usum

275 1366 478 1417 hominis,
510 1372 555 1408 et
593 1365 690 1407 finis
727 1368 886 1409 domus
923 1366 1116 1421 perfecte
1149 1375 1214 1409 est
1250 1375 1299 1410 ut
1332 1368 1569 1422 prohibeat
1596 1367 1824 1409 hominem

274 1450 301 1477 a
332 1437 608 1477 caumatibus
639 1442 684 1477 et
715 1436 941 1490 algoribus
972 1443 1016 1478 et
1048 1437 1293 1478 latronibus
1324 1444 1369 1480 et
1400 1437 1552 1480 bestiis
1584 1437 1749 1478 nocivis
1781 1441 1826 1477 et

273 1506 542 1560 hujusmodi.
604 1507 779 1548 Natura
815 1506 932 1547 enim
969 1513 1013 1549 et
1055 1522 1124 1548 ars
1161 1508 1396 1549 intendunt
1437 1507 1569 1549 finem
1607 1514 1652 1549 et
1687 1512 1825 1562 agunt

274 1583 456 1631 propter
490 1575 669 1631 aliquid,
705 1583 749 1618 et
786 1576 894 1617 illud
930 1583 997 1618 est
1032 1591 1207 1632 semper
1244 1579 1410 1619 bonurn
1443 1591 1608 1629 verum,
1640 1584 1688 1618 ut
1720 1576 1824 1618 dicit

276 1646 517 1700 Ave1·roys‚
558 1659 646 1687 non
688 1646 852 1687 bonum
894 1659 1142 1701 appa1·ens;
1190 1654 1256 1688 set
1299 1647 1544 1688 intellectus
1585 1646 1825 1701 aliquando

275 1716 465 1758 intendit
502 1717 667 1758 bonum
704 1729 931 1771 apparens,
962 1716 1202 1770 aliquando
1232 1731 1396 1768 verum,
1433 1723 1481 1758 ut
1516 1716 1651 1758 homo
1685 1716 1825 1757 malus

277 1786 467 1826 intendit
499 1785 678 1836 malurn,
700 1787 781 1827 sub
804 1785 951 1840 aliqua
979 1793 1128 1827 tamen
1158 1787 1303 1841 specie
1335 1794 1378 1829 et
1410 1787 1673 1841 apparencia
1705 1786 1825 1835 boni,

275 1862 342 1896 set
377 1856 513 1897 homo
545 1855 689 1909 justus
726 1856 913 1897 intendit
951 1855 1128 1897 bonum.
1195 1856 1367 1898 Natura
1400 1863 1562 1906 autem,
1595 1857 1700 1911 quia
1736 1869 1823 1897 non

276 1925 413 1966 habet
455 1925 824 1967 deliberacionem
867 1939 945 1968 nec
987 1925 1264 1979 eleccionem,
1301 1926 1443 1968 habet
1480 1926 1824 1968 uniformitatem

277 1995 320 2035 in
362 2009 440 2036 sua
488 1995 704 2036 eleccione
744 1995 813 2037 vel
862 1995 1121 2046 intencione,
1168 1996 1363 2055 et-ideo
1411 1987 1599 2038 intendit
1650 2009 1826 2050 semper

277 2065 441 2107 bonum
474 2079 626 2107 verum
663 2072 707 2107 et
744 2079 831 2107 non
869 2079 1096 2119 apparens.
1162 2065 1305 2108 Causa
1338 2072 1489 2107 tamen
1525 2065 1655 2120 hujus
1690 2065 1827 2107 alcior

277 2141 355 2186 est,
388 2136 443 2176 de
475 2149 563 2190 qua
596 2134 775 2176 inferius
807 2135 991 2176 dicetur.
1054 2135 1173 2176 Finis
1205 2136 1336 2190 igitur
1366 2136 1423 2177 ab
1454 2141 1613 2189 agente
1643 2140 1825 2189 propter

276 2205 340 2245 sui
363 2205 609 2246 bonitatem
633 2205 888 2257 intenditur,
910 2212 954 2247 et
975 2219 1111 2260 agens
1139 2206 1198 2246 sic
1229 2213 1399 2247 motum
1425 2220 1502 2260 per
1530 2205 1824 2247 intencionem

321 2328 336 2348 1
369 2318 581 2360 Avicenna]
613 2318 665 2349 De
701 2318 937 2356 Animalibus,
968 2317 991 2350 l.
1022 2317 1066 2356 ix,
1099 2328 1129 2349 c.
1164 2327 1177 2348 1
1213 2318 1247 2348 in
1269 2318 1343 2357 fine
1375 2317 1411 2358 (f.
1444 2328 1483 2358 41
1516 2328 1537 2349 a
1571 2328 1599 2358 1,
1632 2316 1678 2349 ἑά.
1711 2315 1823 2356 1508).

275 2380 294 2408 5
319 2370 527 2412 Averroys]
548 2371 797 2412 Metlmpln'sica,
819 2371 839 2401 l.
855 2371 912 2411 vii,
931 2380 959 2401 c.
978 2379 1021 2409 34
1038 2371 1072 2401 in
1088 2380 1208 2401 comm.
1312 2381 1354 2401 22
1377 2369 1584 2412 Averroys]
1601 2369 1823 2409 Phisssorum,

276 2424 295 2453 l.
316 2422 349 2460 ii,
369 2433 399 2454 c.
416 2433 455 2462 31
476 2423 511 2454 in
528 2434 647 2455 comm.
679 2424 869 2455 ‘intentum
886 2434 968 2455 vero
985 2423 1018 2454 in
1037 2424 1140 2454 rebus
1157 2422 1366 2454 naturalibus
1383 2428 1435 2454 est
1453 2424 1579 2454 bonum
1595 2421 1737 2454 verum.’

320 2531 339 2551 2
364 2520 474 2562 quod]
493 2520 582 2560 quod
599 2521 662 2552 hec
679 2521 745 2552 FD
958 2532 978 2561 4
1001 2520 1135 2562 quinto]
1154 2520 1187 2551 in
1204 2521 1322 2561 quinto
1339 2521 1404 2552 FD
1601 2520 1622 2551 8
1646 2530 1690 2550 ex
1704 2530 1769 2552 om.
1789 2519 1825 2550 D

282 2583 320 2603 12
345 2573 472 2614 modis]
491 2574 601 2604 modis
619 2573 715 2613 prius
731 2574 783 2605 F:
811 2573 906 2614 prius
922 2573 957 2604 D
1116 2583 1154 2613 13
1177 2573 1308 2615 autem]
1326 2584 1408 2604 vero
1426 2573 1490 2604 FD
1602 2573 1683 2603 illud
1701 2583 1768 2604 om.
1789 2572 1825 2603 D

280 2627 319 2654 16
342 2630 454 2656 autem
473 2636 537 2656 om,
554 2626 620 2656 FD
711 2626 763 2668 et]
783 2627 976 2667 plantarum
994 2632 1029 2658 et
1045 2626 1111 2657 FD
1225 2636 1263 2665 17
1288 2626 1443 2668 propter]
1460 2627 1501 2657 ad
1519 2626 1555 2656 D
1669 2635 1709 2665 19
1732 2625 1823 2664 algo·

278 2677 386 2718 ribus]
404 2689 423 2708 a
440 2678 626 2718 frigoribus
642 2679 678 2709 D
840 2690 884 2712 20
907 2685 941 2711 et
957 2679 1078 2722 agunt]
1097 2690 1174 2711 nam
1191 2685 1297 2719 agunt
1314 2679 1377 2710 FD
1532 2689 1573 2709 22
1599 2678 1685 2720 non]
1704 2684 1736 2709 et
1754 2688 1822 2709 non

218 2769 223 2775 .
278 2730 312 2759 D
328 2742 335 2760 ι
359 2735 394 2760 et
410 2730 487 2762 ideo
505 2731 538 2761 F
653 2743 694 2772 24
720 2732 845 2764 malum
863 2743 928 2764 om.
947 2733 982 2763 D
1092 2743 1132 2772 27
1157 2733 1211 2764 vel
1229 2733 1425 2764 intencione
1441 2743 1507 2765 om.
1525 2732 1558 2763 F
1686 2733 1729 2764 28
1752 2742 1823 2764 non

277 2792 345 2812 0111.
361 2782 395 2812 F
523 2794 566 2824 29
590 2784 740 2826 dicetur]
753 2785 896 2817 docetur
911 2785 947 2816 D

1848 828 1888 850 10

1847 1178 1885 1210 Ι5

1846 1528 1887 1549 20

1844 2225 1885 2257 30
