1934 3152
96 324 185 362 1⁴187
205 333 222 353 a
243 332 269 354 1.

1034 116 1089 158 26

291 233 561 283 brevissima,
589 238 632 274 et
665 232 765 273 ideo
796 237 1004 286 operatur
1035 245 1210 285 semper
1240 246 1370 287 super
1401 232 1539 273 lineas
1568 227 1722 284 rectas,
1754 230 1835 273 nisi

291 304 559 357 impediatur
588 316 665 357 per
697 316 881 357 corpora
918 302 1188 343 diversarum
1221 310 1489 351 naturarum,
1526 310 1574 345 ut
1602 303 1607 355 1
1633 303 1836 344 videmus

289 374 408 427 quod
432 373 511 414 lux
534 374 654 415 cadit
677 373 720 414 in
742 386 842 414 aere
863 386 940 426 per
970 373 1165 413 medium
1189 373 1377 415 fenestre
1399 374 1640 415 secundum
1662 370 1836 413 ‘rectum

290 445 516 484 incessum.
581 443 641 483 Et
674 443 774 483 ideo
806 455 960 483 omnes
990 442 1158 495 species
1189 431 1415 484 stellarum
1444 443 1666 484 venientes
1698 455 1838 495 usque

290 514 345 554 ad
367 527 539 567 speram
570 513 683 567 ignis
709 518 861 554 tenent
888 512 1102 553 incessum
1131 519 1299 554 rectum
1328 513 1372 553 in
1399 513 1578 554 orbibus
1605 511 1838 553 celestibus
1858 529 1876 562 5

263 583 393 637 ‚quia
435 583 478 623 in
520 584 582 624 eis
625 595 713 623 non
753 588 820 624 est
862 580 1103 638 diverlsitas
1144 583 1515 636 dyaphaneitatis‚
1551 588 1596 623 et
1642 581 1840 622 maxime

290 653 510 694 sensibilis
553 652 692 701 nobis,
735 658 915 706 propter
956 652 1075 705 quod
1118 659 1333 706 quantum
1370 653 1427 693 ad
1464 652 1678 706 judicium
1720 651 1839 692 visus

288 724 439 773 nostri,
460 729 637 777 oportet
668 723 789 776 quod
821 722 989 776 species
1020 722 1063 762 in
1094 736 1278 776 corpore
1308 722 1457 764 celesti
1498 723 1633 764 vadat
1667 734 1744 776 per
1777 721 1840 762 in-

290 807 462 834 cessum
491 799 660 834 rectum
694 792 776 833 nisi
808 792 989 846 quando
1021 800 1469 845 occurrunt-corpora
1495 791 1721 833 stellarum
1752 806 1840 847 que

291 864 428 904 densa
455 870 571 905 sunt.
632 863 738 904 Non
771 863 888 903 enim
919 875 1154 916 possumus
1185 863 1408 916 percipere
1439 876 1517 917 per
1548 862 1840 912 instrumenta
1860 879 1900 902 10
1933 910 1934 915 ¹

292 935 348 974 ad
380 934 621 974 videndum
658 939 905 986 preparata,
938 946 1016 973 nec
1052 932 1164 974 alico
1202 932 1289 974 alio
1330 933 1467 973 modo
1503 933 1623 986 quod
1655 933 1699 973 in
1734 931 1839 974 celis
1933 920 1934 923 Ἴ

291 1004 345 1044 sit
368 1003 610 1045 declinacio
631 1003 790 1057 speciei
813 1003 870 1044 ab
891 1002 1059 1044 incessu
1083 1011 1214 1045 recto.

357 1163 606 1219 Capitulum
627 1170 700 1214 4¹³¹.
762 1163 813 1205 de
834 1164 1193 1218 multzplz'cacione
1213 1162 1446 1205 secundum
1467 1162 1605 1204 lineas
1613 1163 1809 1217 fractas.

353 1268 441 1310 Sed
465 1269 645 1322 quando
669 1269 836 1324 species
859 1270 978 1311 venit
1000 1269 1056 1310 ad
1083 1282 1257 1322 speram
1281 1268 1392 1323 ignis
1421 1274 1526 1309 tunc
1552 1267 1588 1308 si
1611 1280 1698 1308 non
1719 1267 1839 1308 cadit

292 1338 713 1393 perpendiculariter
747 1353 879 1393 super
919 1353 1017 1381 eam
1052 1339 1245 1380 declinat
1277 1339 1335 1380 ab
1372 1338 1540 1380 incessu
1582 1344 1718 1388 recto,
1752 1351 1838 1391 que
1859 1358 1897 1391 15

293 1408 535 1448 declinacio
565 1415 748 1449 vocatur
781 1409 957 1463 proprie
997 1408 1156 1450 fraccio
1184 1408 1356 1462 speciei,
1387 1415 1430 1449 et
1467 1407 1517 1448 fit
1559 1407 1747 1461 angulus
1778 1421 1837 1449 ex

292 1478 460 1519 incessu
483 1484 526 1519 et
549 1478 662 1520 linea
684 1492 829 1519 curva.
892 1479 952 1520 Et
974 1479 1142 1532 species
1168 1493 1254 1533 que
1276 1479 1396 1520 cadit
1417 1477 1838 1532 perpendiculariter

293 1562 423 1601 super
444 1562 617 1601 speram
637 1548 748 1602 ignis
771 1562 858 1588 non
875 1549 1088 1603 frangitur
1110 1554 1288 1603 propter
1309 1549 1374 1589 sui
1396 1547 1711 1598 fortitudinem,
1733 1560 1835 1588 nam

292 1619 494 1659 videmus
515 1619 636 1672 quod
658 1632 725 1659 res
748 1632 834 1672 que
850 1620 1014 1660 cadunt
1037 1619 1094 1660 ab
1116 1619 1206 1660 alto
1236 1618 1654 1672 perpendiculariter
1675 1618 1837 1659 cadunt

292 1688 471 1739 fortiter,
487 1703 573 1743 que
593 1695 741 1730 autem
764 1702 863 1737 non,
881 1689 1045 1730 cadunt
1066 1689 1254 1730 debilius
1272 1701 1281 1738 ;
1315 1694 1362 1728 ut
1384 1687 1562 1741 quando
1579 1688 1695 1728 ensis
1717 1687 1837 1728 cadit
1857 1708 1898 1730 20

292 1758 710 1813 perpendiculariter
741 1757 790 1798 fit
816 1758 941 1799 fortis
973 1758 1203 1812 percussio,
1236 1758 1414 1812 quando
1452 1771 1552 1806 non,
1585 1757 1634 1798 fit
1665 1757 1838 1801 debilis.

293 1829 579 1870 Ptholomeus
596 1836 746 1870 autem
764 1829 894 1870 docet
909 1828 1163 1882 hujusmodi
1179 1828 1441 1870 fraccionem
1458 1827 1500 1867 in
1514 1828 1574 1881 5¹⁵⁰
1586 1827 1655 1868 De
1670 1826 1837 1882 Optz'cis

291 1913 368 1951 per
391 1898 791 1940 consideracionem
816 1899 1221 1949 instrumentorum,
1243 1904 1288 1939 et
1311 1897 1479 1938 Alacen
1502 1898 1544 1937 in
1569 1901 1612 1950 7⁰
1633 1897 1732 1938 libri
1754 1897 1837 1945 sui,

293 1968 539 2009 Ptholomei
560 1969 827 2010 sentenciam
856 1969 1043 2021 exponit
1065 1974 1109 2009 et
1137 1967 1380 2009 confirmat.
1411 1957 1413 1959 ¹
1456 1966 1534 2012 Set
1567 1968 1707 2020 magis
1739 1981 1836 2021 per-

290 2039 431 2080 tinent
448 2038 528 2080 hec
548 2038 829 2079 certificanda
847 2052 923 2092 per
942 2038 1245 2080 mathematici
1264 2038 1545 2092 diligenciam
1564 2044 1607 2078 et
1625 2037 1836 2079 laborem.
1857 2056 1895 2089 25

292 2107 340 2149 Si
372 2114 519 2149 autem
554 2108 680 2149 stelle
712 2109 879 2162 species
909 2109 1067 2149 transit
1096 2122 1122 2149 a
1150 2108 1363 2162 superiori
1394 2114 1518 2161 parte
1548 2107 1660 2160 ignis
1683 2113 1727 2148 et
1758 2121 1838 2161 per

291 2185 435 2219 totum
461 2192 620 2232 corpus
642 2192 781 2229 suum,
808 2192 896 2220 non
922 2178 1149 2233 frangatur
1170 2185 1237 2220 set
1262 2185 1383 2220 tenet
1412 2178 1629 2220 incessum
1652 2184 1834 2229 rectum,

288 2248 390 2289 licet
428 2263 528 2303 pars
565 2249 737 2290 inferior
773 2249 868 2302 ejus
909 2248 966 2289 sit
1000 2249 1177 2290 densior
1218 2261 1299 2289 suo
1331 2248 1566 2302 superiore,
1606 2247 1711 2301 quia
1752 2247 1834 2288 nisi

289 2317 539 2371 superficies
557 2319 728 2359 diversa
751 2318 989 2371 corporalis
1004 2325 1216 2365 occurrat,
1238 2330 1466 2370 nunquam
1489 2324 1556 2358 est
1578 2316 1736 2357 fraccio
1755 2329 1764 2366 ;
1790 2322 1835 2357 et

289 2387 390 2428 licet
407 2395 617 2437 occurrat,
639 2395 687 2429 ut
704 2388 953 2441 superficies
975 2389 1086 2429 aeris
1106 2388 1314 2442 superior,
1330 2387 1474 2428 adhuc
1497 2400 1584 2427 non
1602 2393 1668 2427 est
1685 2385 1833 2438 aliqua
1854 2407 1895 2438 30

288 2458 445 2498 fraccio
467 2458 539 2509 ibi,
560 2458 671 2499 sicut
700 2459 828 2499 docet
859 2458 1145 2499 Ptholomeus
1171 2465 1215 2499 et
1242 2458 1426 2499 Alacen.
1489 2457 1606 2497 Nam
1631 2468 1718 2495 non
1740 2467 1833 2509 per-

290 2527 393 2580 cipit
426 2528 617 2581 aliquam
651 2528 951 2569 diversitatem
984 2528 1028 2568 in
1059 2528 1166 2568 locis
1198 2527 1424 2568 stellarum
1457 2538 1590 2579 penes
1616 2532 1760 2565 ortum
1788 2529 1832 2566 et

340 2645 350 2663 1
380 2635 500 2677 super]
518 2637 706 2667 secundum
723 2636 758 2666 D
833 2646 852 2666 2
876 2635 928 2676 ut]
947 2641 981 2667 et
998 2636 1031 2666 F
1097 2636 1119 2665 6
1142 2633 1433 2675 dyaphaneitatis]
1452 2631 1730 2673 dyaphoneitatis
1745 2632 1829 2665 Mss.

297 2699 331 2718 11
358 2687 424 2717 alio
441 2698 506 2718 om.
526 2688 559 2717 F
678 2699 717 2727 13
741 2688 946 2729 secundum]
961 2688 1088 2728 speciei
1106 2698 1167 2728 per
1183 2689 1216 2719 F
1324 2689 1363 2718 16
1387 2685 1448 2727 ex]
1466 2686 1500 2716 in
1516 2685 1580 2716 FD
1709 2695 1746 2724 17
1771 2685 1831 2727 Et]

294 2740 422 2770 Etcum
435 2740 469 2770 F
531 2750 572 2770 22
585 2740 716 2781 autem]
729 2746 841 2771 tamen
860 2741 895 2770 D
951 2751 992 2780 25
1007 2739 1253 2781 mathematici]
1266 2738 1503 2778 methaphisici
1517 2737 1590 2768 MD
1654 2739 1696 2768 26
1713 2740 1834 2771 transit

292 2803 358 2823 om.
377 2791 412 2821 D
482 2796 516 2823 et
529 2804 593 2824 om.
608 2793 640 2823 F
723 2804 763 2832 27
790 2793 873 2834 non]
887 2804 963 2824 nam
982 2794 1017 2824 D
1033 2804 1111 2824 corr.
1168 2791 1358 2833 frangatur]
1377 2791 1544 2830 frangitur
1560 2790 1622 2821 FD
1710 2791 1752 2822 28
1769 2802 1830 2824 suo

292 2855 359 2875 om.
375 2845 439 2875 FD
564 2856 603 2885 31
632 2845 737 2887 Nam]
757 2846 842 2876 Nam
861 2847 953 2878 visus
970 2847 1002 2877 F
1150 2845 1235 2887 non]
1256 2845 1404 2877 infusum
1422 2844 1566 2885 precipit
1582 2843 1617 2874 D
