1934 3152
828 109 909 153 103

100 208 323 260 translate,
356 215 433 250 aut
469 223 551 264 pro
581 211 766 252 veritate
809 212 1147 266 interpretande‚
1181 220 1224 254 et
1254 214 1445 267 quedam
1488 215 1636 269 sophi-

100 286 244 320 smata
284 292 371 333 que
411 280 532 334 apud
577 280 746 334 aliquos
792 282 1003 324 inducunt
1045 283 1243 336 quintam
1285 283 1539 338 opinionem
1581 286 1636 326 de

99 347 429 390 universalibus.
494 349 577 390 Pro
604 350 747 404 prima
770 351 974 404 opinione
996 351 1210 406 allegatur
1231 353 1350 406 quod
1374 351 1637 394 Aristoteles

98 417 207 459 dicit
249 422 293 459 2⁰
331 417 402 458 De
440 417 611 460 Anima
652 421 773 473 quod
815 420 1098 476 intelligimus
1139 434 1239 463 cum
1285 421 1488 463 volumus
1537 423 1639 476 quia

62 486 360 538 5universalia
399 494 500 529 sunt
542 488 585 528 in
626 489 764 530 nobis.
829 489 912 530 Pro
949 491 1141 532 secunda
1177 491 1382 545 opinione
1418 498 1484 533 est
1518 493 1638 545 quod

97 557 312 599 Averroiz
339 557 444 598 dicit
474 561 520 611 3⁰
547 558 615 598 De
634 559 806 599 Anima
834 560 952 613 quod
982 560 1229 602 intellectus
1254 561 1358 602 facit
1388 560 1638 602 universali—

98 632 237 668 tatem
268 627 311 667 in
342 627 484 678 rebus,
513 634 557 669 et
579 628 808 670 Avicenna
840 629 1038 670 similiter
1070 630 1112 670 in
1141 644 1220 671 sua
1240 629 1563 684 ,Methaplcz'sz'ca
1594 637 1638 671 et

100 696 143 737 in
184 696 348 750 Logz'ca
388 695 469 738 hec
512 696 517 752 Ι
560 697 716 738 diffuse
756 699 930 739 videtur
970 699 1141 740 docere.
1204 699 1265 740 Et
1307 699 1488 741 Boetius
1529 700 1639 741 dicit

96 770 144 820 5⁰
164 765 233 807 De
259 764 553 808 consolacione
581 767 700 819 quod
725 766 965 809 universale
988 774 1054 808 est
1076 768 1181 808 dum
1206 768 1475 822 intelligitur,
1498 769 1639 823 singu-

39 853 80 876 10
98 835 188 876 lare
209 835 315 876 dum
339 835 536 877 sentitur.
583 836 658 876 Ex
681 849 769 889 quo
786 836 919 877 verbo
943 836 1098 887 Boetii,
1121 843 1165 878 et
1187 851 1244 878 ex
1266 838 1395 879 dictis
1412 837 1639 880 Avicenne

96 905 271 947 videtur
318 905 494 946 extrahi
548 905 682 946 tercia
727 906 907 960 posicio,
947 906 1051 959 quia
1099 906 1233 947 verba
1281 920 1433 948 eorum
1481 914 1639 949 sonant

97 976 217 1028 quod
250 974 496 1015 universale
528 975 610 1015 sub
643 975 816 1016 racione
846 975 1102 1016 universalis
1138 988 1226 1016 non
1258 982 1323 1017 est
1355 976 1436 1016 nisi
1463 978 1639 1030 quando

98 1043 369 1098 intelligitur,
409 1050 454 1084 et
495 1045 732 1085 secundum
769 1058 816 1084 se
858 1044 1183 1086 consideratum
1225 1052 1291 1086 est
1333 1045 1552 1099 singulare
1594 1052 1639 1087 et

98 1115 141 1154 in
175 1114 315 1155 rebus.
378 1112 458 1154 Set
491 1114 640 1154 omnia
675 1112 755 1155 hec
787 1114 822 1154 si
853 1114 1094 1154 secundum
1132 1114 1302 1156 literam
1335 1114 1640 1169 intelliguntur

38 1201 76 1232 15
97 1189 198 1225 sunt
240 1183 376 1224 stulta
416 1188 461 1224 et
502 1190 657 1225 contra
696 1183 945 1233 veritatem,
980 1189 1028 1224 ut
1064 1189 1188 1237 patet
1224 1197 1303 1237 per
1339 1197 1391 1225 ea
1425 1197 1511 1237 que
1543 1185 1637 1238 jam

97 1259 289 1295 tractata
315 1258 428 1294 sunt.
492 1252 638 1293 Prima
662 1266 766 1293 vero
798 1252 1036 1293 auctoritas
1067 1252 1202 1294 habet
1233 1252 1345 1293 hanc
1378 1253 1637 1307 interpreta-

92 1323 270 1364 cionem
312 1323 431 1375 quod
471 1322 714 1363 universale
745 1328 928 1363 vocatur
973 1321 1136 1362 ibidem
1169 1321 1336 1376 species
1371 1336 1457 1376 que
1491 1329 1557 1364 est
1594 1322 1637 1363 in

96 1392 256 1442 anima,
288 1406 374 1446 que
405 1392 566 1432 dicitur
597 1391 851 1442 universale,
883 1391 986 1445 quia
1013 1397 1080 1432 est
1109 1391 1352 1432 similitudo
1385 1391 1638 1433 universalis

97 1468 237 1513 extra,
259 1462 369 1504 sicut
389 1460 658 1503 Aristoteles
683 1460 789 1502 dicit
821 1461 864 1501 in
892 1465 936 1513 70
964 1459 1294 1514 Metkaplnkice,
1327 1462 1446 1515 quod
1479 1462 1638 1502 domus

37 1550 77 1572 20
95 1532 139 1572 in
170 1531 318 1572 anima
351 1538 417 1572 est
449 1544 580 1572 causa
610 1531 771 1572 domus
803 1535 943 1581 extra,
974 1537 1250 1571 transumens
1289 1544 1451 1572 nomen
1488 1531 1548 1572 rei
1582 1531 1638 1572 ad

95 1614 220 1642 suam
250 1601 455 1655 speciem,
479 1607 522 1642 et
553 1601 614 1641 sic
646 1600 695 1641 fit
726 1600 806 1650 hic,
831 1613 931 1640 cum
965 1600 1072 1641 dicit
1102 1600 1223 1653 quod
1254 1599 1515 1641 universalia
1537 1606 1638 1641 sunt

94 1671 138 1711 in
159 1671 301 1712 nobis.
362 1671 571 1712 Ceterum
594 1670 836 1711 secundum
858 1669 1090 1710 veritatem
1113 1670 1280 1723 species
1302 1670 1362 1709 rei
1385 1669 1639 1711 universalis

94 1746 161 1782 est
183 1740 437 1782 universalis
458 1741 570 1781 sicut
593 1740 759 1794 species
783 1739 844 1781 rei
866 1738 1098 1793 singularis
1118 1746 1184 1780 est
1212 1738 1455 1794 singularis.
1518 1739 1637 1779 Nam

93 1810 204 1851 sicut
231 1810 367 1852 homo
396 1808 650 1850 universalis
681 1809 933 1863 predicatur
965 1809 1019 1850 de
1050 1808 1342 1863 singularibus
1373 1807 1635 1858 hominibus,

35 1897 50 1918 ι
56 1897 74 1928 5
95 1880 155 1921 sic
171 1879 339 1935 species
356 1879 546 1921 hominis
560 1876 814 1919 universalis
830 1877 1083 1932 predicatur
1097 1878 1152 1918 de
1165 1878 1392 1932 speciebus
1407 1877 1638 1918 hominum

94 1949 391 2004 singularium,
429 1955 473 1990 et
507 1955 573 1990 est
606 1948 650 1988 in
688 1948 759 1998 eis,
794 1949 905 1988 sicut
942 1960 1010 1987 res
1042 1946 1296 1988 universalis
1334 1953 1398 1988 est
1433 1947 1476 1986 in
1510 1947 1639 1988 rebus

94 2018 402 2072 singularibus.
488 2018 621 2059 Unde
670 2018 783 2058 sicut
824 2031 869 2058 se
917 2016 1053 2057 habet
1101 2029 1169 2056 res
1215 2015 1469 2057 universalis
1509 2021 1638 2057 extra

94 2088 288 2128 animam
310 2087 367 2128 ad
389 2086 628 2140 singularia
649 2100 737 2134 sua,
763 2087 824 2127 sic
846 2087 1013 2140 species
1042 2091 1086 2126 et
1115 2085 1359 2126 similitudo
1381 2085 1441 2126 rei
1470 2085 1637 2126 univer-

94 2157 197 2198 salis
224 2157 268 2197 in
286 2170 395 2212 aere
424 2163 468 2197 et
494 2157 538 2196 in
565 2169 694 2197 sensu
722 2162 765 2197 et
798 2156 841 2196 in
870 2155 1094 2197 intellectu
1123 2168 1169 2195 se
1196 2153 1361 2195 habent
1387 2154 1444 2195 ad
1469 2154 1637 2207 species

33 2243 75 2274 30
94 2232 139 2267 et
179 2225 485 2267 similitudines
522 2224 820 2279 singularium,
858 2230 901 2265 et
943 2225 1042 2266 ideo
1082 2224 1247 2277 species
1283 2236 1425 2264 rerum
1463 2223 1635 2264 univer-

94 2295 251 2337 salium
285 2301 389 2336 sunt
425 2294 707 2345 universales,
739 2301 783 2335 et
820 2308 897 2348 per
932 2293 1012 2335 has
1047 2293 1295 2334 intellectus
1327 2292 1532 2345 intelligit
1569 2305 1636 2333 res

95 2364 370 2415 universales,
406 2363 519 2405 sicut
555 2377 633 2417 per
668 2363 908 2417 singulares
944 2363 1111 2416 species
1147 2361 1351 2417 intelligit
1386 2360 1635 2415 singularia.

95 2434 192 2475 Hec
234 2440 387 2488 patent
437 2447 495 2474 ex
542 2439 732 2474 tractatu
775 2433 844 2474 De
887 2432 1112 2486 Speciebus
1156 2437 1200 2473 et
1242 2445 1299 2472 ex
1344 2430 1634 2484 Perspectz'va.

95 2503 360 2546 Aristoteles
381 2516 486 2557 ergo
509 2504 618 2543 dans
635 2501 936 2544 differenciam
959 2503 1073 2543 inter
1094 2514 1269 2542 sensum
1287 2506 1331 2541 et
1353 2500 1634 2551 intellectum,

10 2588 73 2623 '35
93 2573 198 2615 dicit
227 2573 348 2627 quod
379 2572 662 2625 intelligimus
693 2585 793 2612 cum
814 2571 1031 2619 volumus,
1055 2571 1158 2624 quia
1188 2570 1448 2611 universalia
1468 2577 1569 2611 sunt
1591 2571 1634 2610 in

137 2720 157 2747 4
181 2710 219 2738 20
234 2710 291 2739 De
307 2707 463 2748 Anima]
482 2718 509 2738 c.
526 2708 578 2739 60.
711 2707 732 2737 6
756 2709 794 2738 3⁰
810 2708 865 2737 De
882 2704 1038 2746 Anima]
1056 2715 1085 2736 c.
1104 2705 1157 2744 38.
1286 2715 1308 2745 9
1331 2706 1369 2736 5⁰
1386 2706 1442 2735 De
1459 2705 1633 2736 consola.-

92 2759 218 2801 eione]
236 2760 258 2792 l.
276 2771 308 2800 v,
329 2769 431 2800 prosa
447 2769 476 2799 5.
610 2769 650 2799 19
673 2761 710 2792 7⁰
726 2756 1022 2798 Methaphisiee]
1041 2768 1069 2789 c.
1087 2767 1139 2797 23.
1262 2766 1305 2796 34
1328 2754 1567 2795 Aristoteles]
1586 2755 1638 2786 De

69 2853 74 2856 μ
91 2813 233 2852 Anima,
250 2812 272 2845 l.
286 2812 320 2854 ii,
340 2823 369 2845 e.
387 2812 439 2843 60.

1658 705 1779 737 28a2.
