1934 3152
817 164 871 209 95

72 268 292 322 singulare
317 274 384 309 est
411 268 598 309 nobilius
623 282 757 322 quam
784 283 910 311 suum
940 268 1195 312 universale.
1260 269 1321 311 Et
1350 283 1428 311 nos
1458 270 1618 312 scimus

72 337 155 378 hoc
188 351 265 390 per
306 337 631 391 experienciam
667 353 822 380 rerum.
884 340 988 381 Non
1021 340 1137 380 enim
1176 340 1217 380 in
1254 340 1535 380 nutrimentis
1573 346 1616 380 et

72 407 345 449 vestimentis
368 413 411 448 et
434 406 530 448 aliis
553 408 816 450 utilitatibus
837 410 997 451 nostris
1018 409 1243 463 querimus
1264 409 1346 449 nisi
1369 408 1618 462 singularia,

73 475 177 530 quia
216 476 476 517 universalia
516 477 650 518 nichil
692 485 874 531 prosunt
917 478 1045 519 nobis
1087 476 1167 519 nec
1210 484 1366 519 nature
1407 476 1618 518 similiter.

38 561 54 592 5
75 545 192 599 Quia
221 545 490 587 Aristoteles
521 547 639 598 dicit,
671 548 814 601 primo
834 547 1150 596 posteriorum,
1185 547 1419 589 Gaudeant
1455 547 1621 601 species

74 621 119 656 et
133 629 310 670 genera:
339 614 473 656 nichil
497 616 552 656 ad
576 617 911 670 generacionem
928 623 1128 671 prosunt:
1154 622 1355 658 monstra
1371 616 1489 658 enim
1507 621 1618 657 sunt.

75 685 136 727 Et
150 685 192 725 in
209 684 564 726 predicamentis
576 685 681 727 dicit
699 687 818 740 quod
833 687 1107 728 individuum
1125 693 1192 728 est
1210 686 1351 740 prima
1369 686 1621 728 substancia

75 761 120 796 et
162 755 357 796 maxime
399 755 655 797 substancia
693 761 737 796 et
779 755 1096 810 principaliter,
1133 755 1377 797 universale
1428 755 1621 796 secunda

75 830 141 865 est
163 824 416 866 substancia
437 823 507 865 vel
536 825 807 866 secundario.
871 825 932 867 Et
954 826 1056 878 quia
1078 825 1225 866 omnia
1246 838 1332 878 que
1352 830 1497 866 tracto
1519 832 1619 864 sunt

18 906 57 928 10
74 900 255 948 propter
283 893 565 948 theologiam,
588 900 712 949 patet
741 908 820 948 per
849 894 1044 935 raciones
1075 894 1345 948 theologicas
1372 894 1492 946 quod
1522 893 1618 934 uni-

74 962 241 1005 versale
272 977 361 1005 non
393 963 527 1005 habet
559 964 942 1018 comparacionem
974 965 1030 1005 ad
1062 963 1311 1017 singularia.
1374 963 1477 1004 Non
1501 962 1618 1003 enim

77 1034 200 1075 Deus
231 1032 335 1075 fecit
367 1033 483 1074 hunc
516 1034 730 1075 mundum
762 1039 943 1088 propter
974 1033 1264 1074 universalem
1296 1032 1521 1073 hominem
1554 1039 1619 1073 set

75 1110 256 1157 propter
277 1116 487 1157 personas
510 1102 752 1157 singulares
771 1117 780 1155 ;
813 1117 891 1144 nec
915 1103 1078 1144 creavit
1099 1102 1341 1143 humanum
1365 1115 1517 1155 genus,
1540 1114 1620 1142 nec

77 1173 262 1214 redemit
294 1179 476 1227 propter
506 1172 734 1214 hominem
767 1171 1056 1214 universalem
1094 1178 1160 1213 set
1195 1177 1376 1226 propter
1409 1184 1620 1225 personas

21 1253 58 1284 15
77 1241 346 1296 singulares;
387 1255 465 1284 nec
505 1241 646 1297 gloria
681 1248 747 1283 est
788 1249 944 1296 parata
983 1241 1281 1295 principaliter
1317 1240 1485 1281 homini
1526 1240 1619 1280 uni-

76 1311 247 1362 versali,
269 1317 337 1353 set
365 1312 514 1353 electis
541 1313 740 1366 personis
769 1318 812 1353 et
841 1311 970 1353 certis
998 1311 1041 1352 in
1071 1325 1265 1352 numero.
1329 1309 1619 1350 Manifestum

78 1384 144 1422 'est
166 1381 311 1435 igitur,
334 1381 454 1434 quod
476 1381 696 1435 singulare
725 1382 819 1422 sine
847 1380 1185 1435 comparacione
1215 1385 1281 1420 est
1305 1379 1461 1420 melius
1487 1392 1619 1432 quam

79 1451 335 1493 universale.
399 1451 460 1492 Et
493 1452 592 1493 ideo
619 1465 721 1493 cum
752 1458 911 1493 natura
942 1451 997 1492 ad
1028 1449 1152 1504 plura
1184 1450 1387 1491 ordinata
1420 1449 1622 1489 intendat

80 1528 124 1563 et
149 1527 356 1574 operetur
383 1521 682 1576 principaliter
708 1522 830 1575 quod
855 1520 1010 1562 melius
1039 1526 1116 1570 est,
1139 1526 1186 1560 ut
1216 1520 1322 1561 dicit
1342 1518 1622 1568 Aristoteles,

22 1602 62 1624 20
80 1598 124 1633 et
155 1597 322 1632 certum
359 1598 437 1641 est,
469 1598 628 1632 natura
660 1590 913 1632 universalis
947 1591 1048 1632 licet
1084 1595 1347 1644 promoveat
1387 1595 1622 1640 utramque

79 1667 298 1712 naturam,
329 1661 506 1712 scilicet,
537 1662 747 1702 virtutem
784 1661 1015 1714 regitivam
1052 1659 1308 1700 universalis
1340 1664 1384 1699 et
1414 1658 1621 1698 virtutem

81 1732 310 1784 regitivam
335 1731 562 1783 individui,
583 1737 735 1772 tamen
759 1730 1060 1784 principaliter
1081 1729 1336 1783 operabitur
1358 1734 1401 1768 et
1424 1727 1622 1768 intendet

81 1801 354 1842 individuum
392 1801 494 1855 quia
532 1801 688 1842 melius
725 1807 803 1841 est.
869 1800 929 1840 Et
972 1800 1072 1841 ideo
1113 1799 1200 1840 due
1241 1804 1406 1846 nature,
1447 1797 1622 1844 scilicet,

81 1870 335 1912 universalis
373 1879 418 1913 et
453 1871 591 1912 virtus
633 1871 817 1924 regitiva
858 1868 1071 1910 individui
1114 1867 1345 1909 intendent
1387 1872 1432 1906 et
1470 1879 1619 1919 opera-

24 1950 62 1981 25
82 1941 246 1981 buntur
288 1940 561 1982 individuum
612 1939 924 1994 principaliter.
1007 1938 1084 1980 Set
1134 1938 1216 1979 hee
1267 1937 1354 1977 due
1397 1934 1624 1990 prevalent

81 2010 232 2051 virtuti
268 2011 451 2064 regitive
486 2011 646 2064 speciei
683 2023 760 2051 seu
797 2008 1065 2056 universalis,
1102 2021 1206 2060 ergo
1247 2005 1500 2060 simpliciter
1526 2002 1532 2058 Ι
1560 2004 1623 2045 lo-

83 2080 259 2132 quendo
281 2086 325 2121 et
346 2079 548 2120 absolute
571 2079 783 2120 debemus
805 2079 951 2120 dicere
973 2078 1093 2131 quod
1112 2075 1385 2118 individuum
1415 2081 1481 2115 est
1505 2074 1624 2127 prius

83 2149 325 2189 secundum
354 2154 557 2189 naturam
587 2154 680 2189 tam
703 2149 944 2190 secundum
978 2146 1283 2201 operacionem
1313 2157 1447 2198 quam
1477 2156 1626 2184 secun-

84 2219 191 2259 dum
213 2218 523 2259 intencionem.
589 2217 716 2266 Item,
740 2231 839 2259 cum
861 2217 1097 2271 probatum
1124 2221 1189 2257 est
1210 2215 1330 2268 quod
1353 2212 1623 2254 individuum

27 2297 68 2328 30
84 2285 149 2328 est
182 2288 301 2341 prius
332 2288 575 2329 secundum
613 2294 828 2338 naturam,
866 2286 1020 2327 melius
1061 2291 1126 2326 est
1159 2285 1254 2325 sine
1288 2282 1625 2337 comparacione

85 2372 218 2412 quam
242 2357 496 2405 universale,
519 2371 625 2410 ergo
647 2363 816 2407 natura,
839 2369 924 2409 que
946 2362 1012 2397 est
1034 2355 1171 2395 virtus
1194 2354 1378 2407 regitiva
1401 2351 1626 2401 individui,

87 2435 153 2470 est
190 2428 321 2481 longe
357 2427 512 2468 melior
544 2440 679 2480 quam
716 2434 872 2467 natura
909 2439 995 2479 que
1033 2431 1100 2465 est
1138 2423 1322 2477 regitiva
1359 2419 1624 2462 universalis.

89 2499 210 2553 Ergo
228 2505 333 2539 tunc
349 2503 525 2552 oportet
540 2498 658 2550 quod
676 2509 702 2536 a
719 2503 874 2536 natura
890 2494 1073 2548 regitiva
1091 2492 1304 2534 individui
1322 2491 1629 2532 denominetur

87 2568 197 2609 ordo
228 2569 469 2610 secundum
502 2567 621 2620 prius
652 2572 695 2607 et
726 2564 943 2618 posterius
964 2561 1178 2619 ¹absolute
1211 2568 1255 2603 et
1283 2560 1552 2614 simpliciter,
1580 2566 1628 2600 ut

31 2644 68 2675 35
88 2637 194 2679 illud
217 2639 336 2693 quod
366 2637 485 2692 prius
512 2642 555 2677 et
584 2636 800 2690 posterius
829 2640 982 2674 nature
1004 2633 1185 2681 dicatur,
1207 2637 1406 2672 sumatur
1427 2635 1627 2684 respectu

89 2716 242 2751 nature
272 2722 358 2763 que
391 2707 594 2749 absolute
627 2712 693 2747 est
728 2704 905 2759 dignior
941 2709 984 2744 et
1020 2702 1112 2743 sine
1143 2700 1488 2754 comparacione,
1520 2712 1628 2753 qua-

133 2821 152 2851 5
177 2810 452 2851 Posteriorum]
471 2810 491 2841 l.
508 2810 528 2848 i,
551 2819 623 2848 cap.
646 2817 685 2848 15
705 2807 773 2847 (ed.
791 2806 876 2837 Ven.
899 2816 980 2845 1494
999 2804 1020 2836 f.
1042 2814 1080 2843 15
1098 2804 1144 2843 a).
1269 2813 1286 2842 7
1311 2799 1628 2841 Predieamentis]

90 2876 118 2897 c.
140 2866 182 2896 de
200 2865 400 2897 Substantia
415 2865 448 2895 in
467 2864 562 2895 Com.
580 2862 683 2893 Aver.
835 2869 873 2900 19
897 2860 991 2889 dicit
1005 2855 1245 2897 Aristoteles]
1264 2855 1363 2895 Phys.
1383 2855 1403 2885 l.
1422 2854 1455 2894 ii,
1475 2864 1507 2885 c.
1525 2863 1578 2893 31.

1645 2016 1768 2047 26a1.
