1934 3152
114 1564 152 1595 16
169 1575 188 1595 a
208 1574 233 1595 Ι.

1000 108 1055 148 60

253 227 372 282 quod
410 233 476 269 est
512 227 555 268 in
591 225 810 281 potencia.
875 223 992 265 Nam
1030 237 1124 265 esse
1161 224 1475 280 completivum
1511 223 1690 267 alterius
1726 229 1794 266 est

253 297 498 353 proprietas
538 296 688 337 forme,
751 294 1033 349 Quapropter
1082 295 1266 336 materia
1306 293 1510 352 specifica
1552 289 1795 349 complebit

254 368 485 409 materiam
517 367 689 421 generis
720 365 832 406 sicut
863 364 1007 405 forma
1039 363 1240 406 formam.
1303 364 1418 406 Item
1453 363 1718 406 Aristoteles
1750 363 1795 404 in

256 443 300 490 7⁰
320 435 641 492 llffethaphz'sz‘ce
668 435 775 476 dicit
796 434 915 489 quod
940 433 1151 488 principia
1172 433 1481 476 universalium
1505 441 1608 476 sunt
1628 433 1796 475 univer-

253 507 371 557 salia,
392 507 505 548 sicut
526 505 813 559 singularium
843 503 1091 559 singularia,
1113 518 1217 559 ergo
1246 518 1345 546 cum
1375 505 1538 546 ibidem
1561 511 1630 546 est
1651 518 1795 546 sermo

254 592 358 619 suus
390 577 445 617 de
477 576 661 617 materia
692 581 736 616 et
767 573 921 625 forma,
951 580 1127 628 oportet
1154 574 1274 629 quod
1300 574 1529 629 singularis
1560 573 1795 629 compositi

254 648 339 688 sint
363 647 548 687 materia
570 652 613 686 et
636 644 777 686 forma
805 644 1048 699 singulares
1075 651 1119 686 et
1147 644 1309 699 speciei
1335 644 1536 700 specifice
1557 650 1602 686 et
1623 643 1796 698 generis

256 716 493 771 generales.
590 715 702 757 Item
751 714 1017 756 Aristoteles
1066 714 1174 757 dicit
1227 719 1270 767 7⁰
1307 714 1625 768 Metlzaplzz'sz'ce
1673 714 1794 768 quod

255 786 407 827 Sortes
448 785 729 840 componitur
763 799 821 826 ex
853 785 936 827 hac
972 785 1121 826 anima
1156 790 1201 826 et
1236 785 1319 830 hoc
1351 798 1546 839 corpore,
1582 790 1627 826 et
1658 783 1796 826 homo

255 870 311 895 ex
346 855 494 897 anima
527 855 757 896 universali
791 861 836 896 et
872 868 1055 909 corpore
1091 854 1337 896 universali.
1415 854 1494 897 Set
1526 868 1604 909 per
1638 868 1797 909 corpus

255 926 440 967 habetur
467 925 664 975 materia,
688 939 765 979 per
789 925 984 967 animam
1011 925 1165 968 forma.
1227 924 1349 979 Ergo
1377 924 1514 966 homo
1542 921 1797 966 universalis

255 995 535 1048 componitur
563 1010 621 1037 ex
654 995 838 1036 materia
871 995 1099 1036 universali
1131 1002 1174 1037 et
1205 995 1346 1036 forma
1374 993 1607 1036 universali
1634 993 1797 1036 scilicet

256 1064 472 1119 specifica,
510 1071 554 1107 et
592 1065 654 1107 ita
695 1063 859 1105 animal
902 1065 1021 1119 quod
1060 1072 1125 1106 est
1162 1078 1299 1119 genus
1340 1063 1524 1106 habebit
1564 1063 1795 1106 materiam

255 1135 505 1188 generalem
545 1140 589 1176 et
629 1134 819 1177 formam
857 1134 1120 1190 generalem,
1157 1141 1200 1176 et
1243 1135 1429 1177 materia
1469 1134 1654 1176 habebit
1694 1146 1796 1176 suas

256 1204 421 1259 species
443 1211 487 1246 et
507 1218 681 1259 genera,
701 1204 812 1246 sicut
834 1204 976 1246 forma
997 1211 1041 1245 et
1063 1206 1372 1260 compositum.

315 1274 392 1316 Ad
425 1274 765 1328 intelligenciam
795 1274 1037 1328 pleniorem
1069 1275 1267 1317 omnium
1301 1276 1520 1318 dictorum
1552 1279 1699 1330 potest
1726 1273 1798 1316 hic

255 1344 359 1398 poni
390 1349 499 1398 quot
531 1344 675 1385 modis
711 1344 868 1386 dicitur
904 1345 1085 1386 materia
1117 1352 1161 1387 et
1197 1353 1305 1400 quot
1340 1345 1494 1389 forma.
1557 1344 1797 1387 Sciendum

256 1415 388 1469 igitur
409 1414 531 1469 quod
553 1414 738 1456 materia
765 1415 923 1456 dicitur
944 1429 1023 1456 sex
1048 1416 1201 1457 modis.
1264 1416 1392 1458 Unus
1417 1422 1484 1457 est
1505 1415 1799 1457 communiter

257 1491 300 1525 et
342 1484 467 1538 quasi
510 1484 869 1526 communissime
911 1485 955 1526 in
996 1499 1075 1525 usu
1116 1485 1235 1539 vulgi
1277 1492 1321 1527 et
1363 1485 1564 1527 similiter
1604 1484 1798 1540 philoso-

256 1553 504 1608 phandum,
525 1553 707 1605 scilicet,
723 1554 844 1609 quod
867 1555 1051 1596 materia
1066 1561 1248 1596 vocatur
1269 1556 1384 1597 circa
1404 1557 1525 1610 quod
1551 1553 1556 1610 Ι
1585 1554 1635 1596 fit
1656 1554 1798 1596 omnis

255 1624 376 1666 accio
414 1629 458 1665 et
499 1624 737 1679 occupacio
774 1624 945 1666 virtutis
986 1626 1077 1666 sive
1118 1625 1329 1667 naturalis
1363 1626 1456 1667 sive
1493 1624 1670 1667 moralis
1707 1624 1799 1666 sive

255 1693 487 1748 cujuslibet
545 1693 722 1735 habitus
781 1694 973 1746 moralis,
1028 1694 1284 1746 sciencialis,
1339 1694 1561 1746 naturalis,
1616 1700 1660 1736 et
1711 1693 1799 1735 alio

255 1764 430 1805 nomine
465 1770 649 1805 vocatur
689 1766 934 1807 comuniter
975 1764 1198 1819 objectum
1236 1765 1449 1806 virtutum
1487 1764 1718 1820 agencium
1755 1770 1799 1805 et

255 1834 503 1876 habituum.
564 1833 638 1876 Sic
668 1835 784 1876 enim
811 1836 970 1877 dicitur
991 1836 1110 1889 quod
1139 1835 1322 1877 materia
1352 1835 1465 1877 circa
1490 1847 1624 1889 quam
1653 1847 1800 1875 versa-

255 1911 326 1945 tur
361 1904 543 1958 largitas
580 1911 645 1946 est
681 1905 866 1960 pecunia
904 1912 948 1947 et
988 1905 1257 1960 hujusmodi,
1292 1912 1335 1947 et
1377 1904 1578 1947 similiter
1613 1903 1799 1945 avaricia

256 1981 300 2015 et
346 1974 646 2028 prodigalitas,
688 1976 748 2016 sic
802 1977 986 2017 materia
1035 1981 1080 2017 et
1131 1975 1356 2030 objectum
1408 1975 1589 2024 sciencie
1640 1974 1800 2016 dicitur

255 2043 416 2092 scibile,
444 2057 594 2085 sensus
624 2045 844 2097 sensibile,
876 2045 1123 2087 intellectus
1152 2045 1438 2100 intelligibile,
1467 2051 1511 2087 et
1543 2045 1604 2087 ita
1634 2045 1676 2086 in
1704 2044 1800 2086 aliis

256 2113 442 2167 objectis
473 2114 684 2156 virtutum
716 2122 759 2157 et
791 2115 1023 2157 habituum
1055 2115 1320 2158 naturalium
1351 2122 1396 2157 et
1428 2114 1722 2158 sciencialium
1755 2121 1799 2156 et

258 2183 506 2235 moralium,
556 2190 600 2225 et
654 2184 854 2226 similiter
904 2193 1103 2240 respectu
1154 2186 1387 2239 agencium
1438 2184 1704 2227 naturalium
1755 2191 1799 2226 et

257 2252 560 2302 artificialium,
602 2253 661 2296 sic
707 2256 823 2296 enim
881 2255 1076 2310 lingnum
1121 2262 1188 2297 est
1241 2255 1464 2310 objectum
1517 2255 1632 2297 circa
1677 2255 1797 2309 quod

260 2323 513 2377 negociatur
543 2332 836 2379 carpentat0r‚
865 2331 909 2367 et
935 2325 1096 2367 ferrum
1127 2325 1237 2367 fabri
1267 2326 1443 2379 ferrarii,
1474 2332 1518 2368 et
1539 2325 1684 2368 sic-de
1704 2325 1800 2366 aliis

261 2391 467 2444 artificiis,
498 2399 542 2435 et
573 2402 773 2447 respectu
803 2395 1067 2437 naturalium
1097 2395 1340 2449 agencium,
1365 2403 1413 2437 ut
1441 2409 1541 2437 cum
1567 2396 1678 2450 ignis
1706 2396 1800 2449 agit

261 2462 303 2501 in
329 2468 489 2503 terram
520 2469 568 2504 ut
601 2463 733 2506 faciat
767 2465 927 2520 ignem,
953 2472 1068 2507 terra
1097 2466 1256 2508 dicitur
1288 2466 1472 2507 materia
1504 2471 1547 2506 et
1573 2464 1800 2519 objectum

304 2588 324 2615 4
349 2579 386 2610 7⁰
403 2578 700 2622 Methaphisice]
718 2579 738 2611 1.
758 2578 814 2615 vii.
834 2590 862 2611 c.
880 2590 921 2619 44
939 2590 1013 2620 sqq.
1125 2581 1146 2611 8
1169 2583 1207 2614 7⁰
1225 2578 1520 2621 Methaphisice]
1538 2579 1558 2610 l.
1577 2578 1634 2620 vii,
1653 2589 1681 2610 c.
1701 2589 1755 2619 39.

306 2688 325 2714 4
352 2676 401 2718 7⁰]
419 2679 599 2711 undecimo
616 2680 649 2711 F
809 2691 831 2721 9
855 2686 889 2712 et
906 2681 987 2722 hoc]
1005 2686 1039 2713 et
1055 2692 1100 2712 ex
1117 2681 1181 2712 hoc
1198 2680 1234 2711 D
1401 2691 1440 2711 12
1464 2679 1620 2721 materia]
1638 2679 1750 2711 anima
1767 2679 1802 2710 D

262 2729 409 2770 scilicet]
426 2735 478 2761 set
494 2730 530 2760 D
739 2743 777 2771 14
801 2738 834 2763 et
849 2733 1006 2775 formam]
1026 2738 1059 2764 et
1075 2733 1233 2764 similiter
1249 2733 1388 2764 sormam
1405 2732 1441 2763 D
1644 2743 1684 2771 24
1709 2733 1801 2773 quod

263 2781 403 2811 materia
419 2792 485 2815 om.
502 2783 537 2813 D
642 2794 682 2824 25
707 2785 777 2826 est]
794 2785 982 2825 cujusmodi
998 2790 1050 2817 est
1066 2785 1102 2816 D
1206 2787 1248 2817 26
1271 2785 1337 2827 sic]
1354 2786 1397 2816 sit
1413 2785 1447 2816 F
1550 2795 1594 2826 30
1616 2785 1800 2827 objectum]

262 2833 401 2864 materia
416 2833 452 2863 D

1818 870 1858 894 10

1820 1569 1861 1592 20

1820 2268 1861 2300 30
