1934 3152
143 1387 223 1428 30b
242 1396 270 1418 2.

1023 77 1108 106 110

279 185 539 229 naturaliter
569 183 767 240 prolatas
798 189 842 224 et
875 181 1211 236 interjecciones
1244 187 1311 224 est
1343 181 1610 236 differenci‘a,
1643 182 1766 237 quod
1798 182 1844 224 in

280 257 361 299 hiis
383 255 503 298 nulla
525 262 592 297 est
613 253 881 296 deliberacio
913 257 996 294 nec
1028 259 1268 307 conceptus
1300 252 1460 300 mentis
1489 251 1760 294 deliberatus
1782 252 1841 295 de

282 325 488 370 tristabili
523 325 592 368 vel
628 322 892 373 delectabili,
930 328 974 364 et
1017 322 1078 363 illi
1117 336 1206 364 non
1243 322 1488 377 imponitur
1522 336 1628 373 vox,
1659 326 1705 364 e't
1736 322 1845 365 ideo

281 411 412 439 voces
448 396 560 439 tales
598 407 684 436 non
723 398 825 435 sunt
861 398 1010 447 partes
1040 393 1281 442 oracionis,
1306 393 1412 447 quia
1441 391 1581 434 nichil
1612 391 1734 434 aliud
1770 399 1846 435 est

283 481 379 509 esse
411 473 583 522 partem
617 463 845 513 oracionis,
877 462 961 504 nisi
995 463 1157 504 mentis
1185 470 1455 518 conceptum
1488 462 1677 517 signare,
1700 469 1750 505 ut
1780 462 1844 506 ait
1865 480 1882 511 5

286 537 547 578 Priscianus.
611 534 690 577 Set
724 533 1064 588 intelligendum
1098 533 1220 588 quod
1253 533 1325 575 hic
1359 539 1601 588 conceptus
1633 539 1701 576 est
1733 533 1844 575 deli-

285 608 478 658 beratus,
515 606 617 647 licet
653 618 743 646 non
779 617 955 658 semper
991 603 1135 659 plene,
1162 611 1207 646 et
1245 605 1484 659 concepcio
1515 603 1587 644 hic
1621 609 1688 645 est
1724 603 1845 645 idem

285 678 406 732 quod
442 674 736 732 apprehensio
774 674 922 716 anime
959 688 1049 728 qua
1075 675 1195 728 capit
1232 680 1277 715 et
1310 673 1516 728 intelligit
1553 687 1658 715 rem.
1723 672 1843 716 Con-

287 754 442 801 ceptus
474 752 627 788 autem
662 745 823 786 mentis
856 750 922 786 est
956 744 1138 800 dupleX‚
1172 744 1349 796 scilicet,
1388 745 1482 786 sine
1514 743 1845 786 deliberacione

285 818 416 868 omni,
452 824 496 859 et
532 816 594 857 sic
634 821 701 857 est
738 815 783 856 in
825 815 1010 857 vocibus
1052 815 1404 870 significantibus
1449 814 1711 857 naturaliter-
1743 822 1840 868 tam
1868 831 1908 853 ιο

285 887 518 930 hominum
551 900 686 940 quam
717 886 962 936 brutorum,
992 886 1248 940 concipiunt
1279 886 1398 927 enim
1430 893 1474 927 et
1502 885 1844 939 apprehendunt

286 972 336 999 ac
372 958 523 999 anima
560 962 857 1011 cognoscente
894 957 1077 1011 capiunt
1113 955 1330 998 tristabile
1363 955 1431 997 vel
1465 955 1743 1008 delectabile,
1776 961 1843 997 set

287 1042 374 1069 non
399 1027 646 1070 deliberant
668 1027 712 1068 in
734 1026 820 1068 hoc
842 1033 1072 1082 conceptu,
1093 1033 1161 1069 set
1182 1026 1331 1068 subito
1355 1034 1398 1068 et
1421 1026 1629 1068 instinctu
1651 1025 1844 1068 naturali

287 1098 539 1140 afficiuntur
575 1097 660 1139 illis
696 1098 740 1138 in
778 1097 980 1140 dolorem
1016 1097 1087 1139 vel
1123 1097 1334 1152 gaudium
1372 1097 1442 1139 vel
1479 1095 1762 1151 hujusmodi;
1800 1101 1846 1137 et

287 1167 485 1223 prevalet
527 1167 711 1210 affectus
751 1181 883 1222 super
924 1174 1207 1222 conceptum,
1247 1168 1366 1210 unde
1411 1167 1553 1221 magis
1594 1166 1842 1209 afficiuntur
1867 1180 1905 1213 15

288 1252 424 1292 quam
461 1238 727 1291 concipiant,
755 1238 860 1292 quia
885 1244 1126 1292 conceptus
1163 1239 1323 1280 transit
1354 1238 1505 1280 subito
1542 1237 1584 1278 in
1618 1235 1841 1279 affectum.

291 1309 351 1350 Et
388 1308 630 1351 secundum
661 1307 748 1349 hoc
779 1314 883 1349 sunt
914 1309 1097 1363 agencia
1133 1308 1400 1350 naturaliter.
1487 1306 1566 1349 Set
1603 1314 1845 1362 postquam

290 1380 427 1421 homo
450 1380 493 1420 in
517 1385 735 1432 conceptu
759 1393 838 1419 suo
861 1378 1090 1431 deliberat,
1119 1377 1123 1432 Ι
1152 1385 1300 1434 potest
1325 1378 1465 1420 facere
1491 1377 1576 1419 hoc
1598 1377 1845 1432 dupliciter,

290 1449 470 1502 scilicet,
491 1448 562 1490 vel
594 1448 843 1503 inperfecte,
866 1454 911 1490 et
941 1455 1046 1490 tunc
1079 1448 1246 1503 profert
1277 1449 1620 1502 interjecciones,
1648 1447 1844 1499 dolendi,

290 1526 335 1561 et
357 1519 596 1574 gaudendi,
612 1524 657 1560 et
678 1518 799 1569 alias,
815 1519 886 1560 vel
910 1519 1117 1573 perfecte,
1135 1525 1178 1561 et
1200 1526 1304 1560 tunc
1327 1518 1492 1572 profert
1508 1531 1640 1560 voces
1657 1517 1844 1560 aliarum
1865 1531 1906 1554 20

292 1591 487 1644 parcium
519 1589 744 1631 oracionis.
810 1589 943 1631 Unde
974 1590 1165 1643 gemitus
1197 1589 1429 1643 tripliciter
1460 1587 1749 1643 significatur,
1771 1587 1842 1630 vel

291 1668 340 1703 ut
364 1660 563 1702 infirmus
588 1659 740 1713 gemit,
762 1666 807 1701 et
832 1666 936 1701 tunc
969 1673 1057 1701 non
1089 1667 1155 1701 est
1184 1658 1257 1700 illa
1278 1674 1368 1700 vox
1399 1673 1501 1712 pars
1521 1657 1750 1709 oracionis,
1770 1657 1842 1700 vel

291 1745 369 1785 per
403 1730 758 1784 interjeccionem
799 1730 1020 1783 gemendi,
1060 1736 1138 1771 aut
1180 1743 1258 1785 per
1299 1729 1383 1771 hoc
1423 1742 1598 1779 nomen,
1634 1727 1844 1783 gemitus,

290 1801 359 1842 vel
388 1801 472 1843 hoc
499 1800 697 1851 verbum,
725 1813 871 1855 gemo,
901 1800 970 1841 vel
1007 1800 1092 1842 hoc
1125 1799 1417 1853 participium,
1450 1812 1646 1854 gemens,
1678 1804 1722 1840 et
1755 1798 1842 1840 hiis

291 1871 439 1912 modis
475 1877 542 1913 est
572 1884 674 1924 pars
705 1870 937 1923 oracionis,
964 1877 1031 1912 set
1062 1870 1304 1912 secundum
1337 1870 1459 1923 quod
1492 1876 1557 1910 est
1589 1868 1843 1923 interjeccio
1864 1881 1903 1913 ²5

291 1941 427 1983 habet
459 1954 613 1982 vocem
643 1940 953 1983 absconditam
980 1946 1024 1982 et
1056 1940 1346 1994 inperfectam
1379 1947 1424 1982 et
1457 1938 1705 1989 informem,
1738 1937 1843 1992 quia

293 2010 559 2065 inperfectus
586 2016 653 2052 est
675 2017 930 2064 conceptus,
951 2016 995 2051 et
1018 2009 1260 2064 inperfecta
1283 2009 1562 2059 deliberacio,
1586 2016 1630 2050 et
1652 2007 1841 2050 affectus

291 2081 426 2122 vincit
458 2086 736 2135 conceptum,
767 2081 885 2122 unde
910 2081 1115 2122 dicuntur
1142 2079 1389 2134 significare
1417 2093 1494 2133 per
1523 2080 1705 2121 modum
1738 2076 1843 2120 affe-

293 2158 404 2203 ctus,
421 2150 503 2191 hoc
519 2157 586 2191 est
608 2150 714 2203 quia
735 2150 871 2191 homo
893 2149 1084 2192 afficitur
1107 2149 1331 2201 dolore,id
1359 2156 1438 2203 est,
1454 2149 1577 2190 dolet
1599 2155 1840 2202 antequam

292 2220 515 2274 concipiat
537 2219 750 2273 dolorem,
767 2220 857 2262 sive
874 2227 1114 2274 antequam
1133 2227 1329 2261 moretur
1351 2220 1465 2261 circa
1485 2218 1843 2274 concepcionem,
1862 2231 1904 2264 30

292 2291 397 2344 quia
422 2296 662 2344 conceptus
690 2289 784 2343 ejus
815 2290 973 2332 transit
997 2290 1087 2331 cito
1120 2290 1162 2329 in
1194 2288 1418 2339 affectum,
1441 2289 1543 2330 licet
1575 2299 1665 2330 non
1694 2287 1843 2329 subito

293 2361 403 2402 sicut
434 2361 475 2401 in
498 2360 680 2401 vocibus
709 2373 794 2414 que
823 2361 1005 2401 omnino
1026 2359 1276 2414 significant
1303 2359 1575 2411 naturaliter,
1596 2358 1840 2400 secundum

334 2452 355 2481 6
379 2452 612 2493 Priscianus]
631 2452 651 2484 1.
671 2452 716 2492 xi,
736 2462 765 2483 c.
787 2463 803 2492 7
825 2453 833 2469 ‘
845 2452 927 2492 quid
945 2452 1035 2483 enim
1053 2457 1106 2483 est
1123 2451 1215 2483 aliud
1232 2461 1311 2491 pars
1327 2452 1494 2482 orationis
1511 2451 1576 2482 nisi
1593 2460 1659 2482 vox
1684 2449 1842 2481 indicans

291 2505 417 2535 mentis
432 2510 635 2545 conceptum
647 2506 677 2536 ‘?'

339 2593 351 2612 1
380 2583 450 2625 est]
468 2589 502 2615 et
519 2584 552 2614 F
668 2593 689 2623 3
711 2582 783 2625 vel]
801 2583 855 2614 vel
875 2584 917 2615 de
934 2583 970 2614 D
1091 2593 1110 2622 5
1136 2581 1290 2623 signare]
1308 2581 1502 2621 significare
1520 2581 1553 2611 F
1677 2591 1694 2620 7
1719 2579 1841 2622 plene]

290 2634 445 2674 plenarie
462 2635 497 2666 D
677 2646 717 2666 10
742 2636 832 2666 omni
861 2647 926 2667 om.
957 2635 990 2666 F
1097 2634 1182 2676 tam]
1207 2640 1275 2666 tam
1301 2634 1334 2665 in
1361 2633 1395 2664 F
1571 2643 1610 2664 12
1645 2632 1718 2674 vel]
1747 2638 1783 2664 ut
1812 2631 1847 2663 F

294 2696 332 2725 13
374 2687 533 2729 naturali]
565 2692 688 2720 natura
717 2687 753 2718 D
902 2699 939 2728 14
979 2687 1063 2730 illis]
1096 2688 1147 2719 eis
1178 2687 1214 2718 D
1361 2695 1400 2726 15
1439 2685 1600 2728 affectus]
1632 2686 1777 2717 effectus
1806 2684 1842 2716 D

296 2740 333 2770 18
357 2739 436 2781 hoc]
454 2740 518 2772 hec
534 2740 569 2770 D
676 2751 717 2781 19
741 2741 793 2772 vel
813 2752 878 2772 om.
900 2741 935 2772 D
1025 2752 1068 2773 20
1086 2746 1140 2782 pr.
1166 2740 1218 2783 et]
1237 2740 1290 2772 vel
1307 2739 1343 2770 D
1432 2738 1533 2780 alias]
1551 2739 1616 2770 alia
1633 2738 1667 2770 D
1758 2743 1839 2770 tunc

291 2802 358 2822 om.
380 2791 411 2821 F
511 2802 619 2833 22—23
644 2798 680 2824 ut
697 2818 704 2825 .
726 2818 733 2825 .
754 2819 760 2825 .
782 2804 843 2834 per
860 2805 925 2826 om.
943 2793 978 2824 D
1082 2804 1123 2833 24
1144 2799 1198 2835 pr.
1217 2793 1288 2835 vel]
1306 2798 1362 2824 aut
1380 2803 1443 2833 per
1458 2791 1494 2823 D
