1934 3152
75 879 113 912 F.
133 889 173 921 95
194 891 213 911 a
234 888 259 911 1.

140 1168 264 1203 37a1.

1020 58 1101 102 132

282 168 340 211 ad
373 181 468 210 esse
499 166 658 221 pluvie,
680 170 860 220 propter
892 162 976 204 hoc
1009 162 1130 216 quod
1164 175 1297 203 causa
1329 161 1423 214 ejus
1450 159 1726 213 nonrecipit
1754 159 1834 200 im-

284 239 608 294 pedimentum,
632 234 781 290 pluvia
805 247 892 274 non
915 232 1078 274 dicitur
1099 231 1317 286 equaliter
1339 231 1430 272 fieri
1452 236 1496 272 et
1519 243 1606 271 non
1629 229 1734 280 fieri,
1757 243 1837 272 nec

284 321 380 351 esse
409 315 454 350 et
479 320 567 348 non
589 319 698 355 esse,
720 309 787 346 set
813 315 907 344 esse
931 307 1121 343 tantum.
1183 300 1377 355 Quando
1398 312 1505 342 vero
1532 314 1662 344 causa
1690 299 1838 354 pluvie

283 377 433 422 deficit
468 384 512 418 et
551 375 734 416 materia
768 372 1019 426 disponitur
1051 372 1107 413 ad
1139 371 1398 421 siccitatem,
1430 384 1510 425 per
1540 383 1716 412 causam
1751 383 1837 424 que

284 462 372 490 non
407 447 563 501 recipit
595 444 981 498 impedimentum,
1015 449 1068 483 ut
1098 441 1339 495 aliquando
1372 442 1415 484 in
1447 453 1578 494 yeme
1610 439 1875 494 contingit,5

284 524 328 560 et
360 517 445 559 hoc
478 529 556 571 per
587 513 738 556 stellas
770 512 936 554 calidas
974 511 1264 561 dominantes,
1286 517 1387 553 tunc
1420 511 1594 552 siccitas
1625 509 1839 564 contingit

284 594 328 630 et
364 600 453 629 non
493 584 711 639 equaliter
745 597 791 624 se
824 582 959 624 habet
993 582 1049 623 ad
1087 596 1181 623 esse
1213 587 1257 623 et
1293 595 1381 623 non
1415 594 1522 632 esse,
1551 587 1619 622 set
1650 580 1709 621 ad
1744 593 1839 622 esse

282 665 471 700 tantum.
548 656 608 696 Et
647 655 708 696 sic
743 654 884 695 eciam
920 659 986 694 est
1020 653 1076 694 de
1109 652 1256 694 anima
1291 651 1512 702 racionali,
1548 664 1634 704 que
1671 657 1737 692 est
1780 650 1837 691 ad

284 727 502 782 opposita,
541 724 725 774 scilicet,
761 723 817 764 ad
855 722 1019 763 vicium
1058 729 1102 764 et
1135 722 1358 771 virtutem,
1393 721 1494 763 licet
1530 720 1648 761 enim
1691 720 1748 762 sit
1793 719 1836 760 in

283 796 491 851 potencia
523 809 603 850 pro
636 794 821 835 diversis
860 792 1150 846 temporibus,
1185 798 1233 833 ut
1262 790 1369 832 fiant
1407 790 1450 831 in
1484 804 1535 832 ea
1567 790 1728 832 vicium
1762 797 1806 832 et
1830 788 1834 845 Ι
1859 807 1903 830 10

281 867 419 908 virtus
442 874 486 907 et
509 879 604 907 esse
625 863 804 905 virtutis
830 869 873 903 et
896 877 984 904 non
1007 876 1113 910 esse,
1135 876 1223 903 non
1246 868 1396 903 tamen
1422 860 1557 902 habet
1586 858 1836 915 potenciam

280 937 338 979 ad
359 936 458 987 hoc,
480 942 528 977 ut
550 936 689 976 virtus
718 932 932 987 equaliter
955 931 1032 973 fiat
1055 939 1098 974 et
1125 945 1214 972 non
1241 930 1319 973 fiat
1345 931 1387 972 in
1419 931 1576 972 eodem
1607 936 1811 984 tempore
1826 943 1838 982 ;

282 1013 350 1048 set
392 1006 427 1046 si
471 1011 537 1046 est
572 1004 790 1059 disposita
835 1002 1060 1043 exerciciis
1101 1002 1216 1043 bone
1257 1000 1501 1043 voluntatis
1536 1006 1580 1041 et
1621 999 1838 1042 bonarum

283 1076 599 1130 operacionum
623 1073 867 1115 secundum
892 1073 1013 1126 quod
1036 1078 1224 1126 oportet,
1247 1077 1350 1112 tunc
1374 1072 1510 1112 virtus
1533 1070 1668 1120 adest,
1685 1084 1837 1113 secun-

284 1146 393 1187 dum
416 1145 536 1200 quod
560 1150 754 1199 oportet,
781 1142 785 1197 Ι
815 1149 858 1184 et
891 1142 984 1196 ejus
1006 1156 1102 1183 esse
1123 1142 1282 1183 accidit
1304 1148 1490 1183 tantum.
1549 1140 1662 1182 Cum
1685 1147 1836 1182 autem
1860 1159 1900 1191 15

286 1216 507 1258 contrario
543 1215 678 1256 modo
716 1214 968 1268 disponitur
1000 1213 1161 1263 anima,
1187 1217 1291 1253 tunc
1323 1225 1410 1253 non
1442 1225 1537 1253 esse
1567 1211 1741 1252 virtutis
1773 1211 1838 1262 fit,

284 1293 328 1328 et
361 1286 462 1327 ideo
497 1297 724 1339 nunquam
759 1282 966 1337 possibile
1002 1289 1067 1324 est
1099 1282 1228 1323 simul
1264 1288 1307 1323 et
1339 1280 1488 1333 semel,
1521 1287 1568 1322 ut
1599 1280 1763 1323 habeat
1792 1296 1839 1324 se

285 1355 466 1409 aliquod
493 1369 570 1397 ens
594 1353 813 1408 equaliter
841 1354 898 1394 ad
931 1367 1024 1394 esse
1056 1358 1099 1394 et
1132 1365 1221 1393 non
1248 1365 1353 1403 esse,
1376 1358 1419 1393 et
1449 1352 1550 1393 ideo
1576 1350 1746 1393 nullum
1773 1359 1838 1394 est

286 1426 550 1479 contingens
579 1425 635 1466 ad
666 1422 938 1475 utrumlibet,
966 1429 1012 1464 ut
1037 1423 1169 1463 simul
1199 1428 1244 1464 et
1271 1421 1407 1464 semel
1437 1422 1652 1475 equaliter
1683 1421 1760 1464 fiat
1792 1430 1835 1464 et

285 1509 373 1537 non
401 1495 491 1546 fiat,
517 1496 572 1536 sit
595 1501 640 1537 et
663 1508 752 1536 non
774 1495 841 1544 sit,
862 1501 928 1534 set
949 1494 1085 1535 debet
1107 1492 1290 1548 intelligi
1312 1493 1573 1546 contingens
1594 1494 1651 1535 ad
1674 1500 1836 1535 utrum·
1857 1510 1900 1532 20

285 1565 394 1608 libet
432 1571 633 1620 respectu
672 1565 944 1605 diversorum
977 1570 1254 1618 temporum:
1292 1570 1340 1604 ut
1379 1563 1587 1617 possibile
1624 1570 1690 1605 est
1726 1564 1836 1606 hanc

283 1642 452 1677 vestem
487 1636 619 1677 incidi
655 1635 698 1676 in
732 1649 819 1676 uno
852 1641 1066 1688 tempore,
1091 1640 1134 1675 et
1166 1648 1252 1674 non
1286 1633 1417 1675 incidi
1448 1633 1491 1674 in
1523 1633 1622 1684 alio,
1652 1641 1719 1675 set
1749 1649 1835 1676 non

285 1706 416 1747 simul
447 1712 490 1747 et
517 1705 734 1759 equaliter
766 1705 808 1745 in
841 1704 998 1745 eodem
1030 1712 1248 1757 tempore,
1269 1704 1510 1745 secundum
1544 1703 1834 1746 Aristotelem

286 1782 331 1818 et
366 1776 596 1829 Averroys
625 1776 669 1816 in
702 1780 747 1817 2⁰
772 1774 1063 1815 Phisicormn.
1128 1774 1188 1815 Et
1219 1787 1277 1815 ex
1308 1773 1390 1814 hac
1423 1773 1634 1816 divisione
1661 1774 1833 1816 encium

286 1845 521 1887 extrahere
555 1845 768 1887 debemus
802 1846 921 1898 quod
951 1843 1123 1885 casuale
1164 1850 1207 1885 et
1242 1842 1472 1885 fortuitum
1505 1851 1605 1885 sunt
1638 1845 1761 1886 encia
1793 1846 1835 1887 in
1857 1861 1896 1892 25

288 1915 470 1965 minori;
502 1921 568 1957 set
590 1929 676 1956 non
699 1928 960 1969 quecunque
983 1914 1105 1956 encia
1131 1915 1173 1955 in
1203 1914 1373 1963 minori,
1395 1920 1463 1956 set
1492 1914 1596 1956 talia
1623 1928 1708 1969 que
1733 1929 1835 1957 con-

287 1985 466 2040 tingunt
501 1986 560 2027 ab
598 1985 831 2039 agentibus
877 1991 1058 2039 propter
1105 1983 1268 2038 aliquid
1307 1983 1427 2024 aliud
1475 1978 1674 2038 r'espectu
1713 1985 1836 2039 cujus

287 2055 497 2097 coincidit
540 2055 727 2097 casuale.
807 2054 867 2095 Et
904 2054 1006 2095 ideo
1046 2067 1147 2095 cum
1185 2046 1342 2106 aliquis
1389 2053 1598 2096 confricat
1648 2055 1832 2096 barbam

285 2137 410 2166 suam
440 2125 597 2175 ociose,
625 2125 802 2174 scilicet,
833 2138 920 2166 non
953 2130 1134 2178 propter
1165 2123 1342 2177 aliquid,
1364 2124 1484 2177 quod
1518 2124 1728 2178 possibile
1758 2133 1836 2176 est,

286 2202 329 2236 et
352 2194 516 2236 cadant
535 2194 612 2250 pili
636 2196 693 2236 de
714 2195 866 2245 barba,
886 2208 974 2236 non
997 2199 1062 2235 est
1084 2192 1270 2243 casuale,
1287 2200 1352 2235 set
1375 2208 1474 2235 cum
1498 2201 1680 2248 propter
1700 2195 1833 2237 finem
1854 2209 1898 2241 30

286 2264 480 2318 aliquem
517 2264 729 2306 confricat
764 2264 948 2305 barbam
987 2270 1035 2305 ut
1068 2269 1250 2318 propter
1280 2263 1499 2317 pruritum
1526 2263 1732 2318 aliquem,
1764 2266 1832 2308 vel

288 2341 469 2389 propter
501 2334 668 2388 aliquid
701 2335 836 2386 aliud,
865 2340 908 2375 et
941 2334 1103 2376 cadant
1134 2333 1222 2388 pili,
1244 2339 1350 2374 tunc
1382 2334 1461 2387 pili
1493 2340 1595 2375 sunt
1626 2329 1832 2377 casuales.

287 2404 442 2458 Agens
458 2405 575 2445 enim
589 2404 891 2446 voluntarium
906 2409 1052 2458 potest
1068 2416 1198 2457 agere
1214 2410 1394 2457 propter
1410 2402 1542 2444 finem
1561 2411 1605 2445 et
1622 2405 1715 2446 sine
1733 2405 1831 2452 fine,

284 2474 388 2515 licet
409 2488 543 2528 agens
565 2475 764 2516 naturale
788 2488 889 2515 non.
934 2473 1128 2528 Quando
1147 2473 1281 2528 igitur
1302 2486 1439 2526 agens
1462 2473 1651 2514 intendit
1665 2473 1832 2528 aliquid

330 2576 350 2596 2
375 2571 407 2597 et
425 2566 511 2607 non]
530 2571 610 2597 tunc
630 2566 665 2597 D
832 2576 871 2606 13
896 2567 925 2597 si
943 2565 1011 2607 est]
1029 2565 1058 2597 si
1076 2565 1123 2596 F:
1156 2570 1210 2597 est
1226 2564 1261 2595 D
1371 2564 1566 2606 exerciciis]
1584 2565 1787 2596 exer-cisium
1804 2565 1837 2596 F

292 2627 328 2655 ¹4
354 2618 613 2660 operacionum]
631 2618 830 2658 opinionum
848 2618 881 2649 F
964 2617 1170 2659 secundum]
1188 2622 1240 2648 set
1254 2616 1288 2647 F
1412 2626 1515 2657 14—15
1540 2617 1726 2648 seeundum
1742 2618 1830 2658 quod

288 2675 423 2709 oportet
440 2682 505 2703 0711.
526 2671 591 2701 FD
739 2673 779 2702 16
802 2670 932 2712 anima]
950 2680 969 2701 a
987 2680 1090 2702 causa
1108 2670 1142 2701 D
1284 2680 1326 2700 20
1350 2669 1559 2709 contingens
1576 2670 1618 2701 ad
1636 2669 1832 2701 utrumlibet

286 2733 353 2754 om.
371 2722 406 2752 D
573 2734 614 2763 24
641 2734 685 2753 ex
702 2724 764 2754 hac
783 2722 968 2765 divisione]
987 2733 1050 2764 per
1067 2723 1153 2754 hane
1172 2722 1374 2755 divisionem
1393 2722 1427 2752 D
1593 2731 1637 2762 30
1660 2722 1711 2764 et]
1728 2727 1764 2753 ut
1781 2722 1828 2753 F:

286 2773 377 2813 quod
394 2774 429 2805 D
519 2775 613 2817 cum]
633 2781 746 2807 tamen
764 2775 799 2806 D
