1934 3152
80 946 115 977 F.
134 953 174 985 93
192 945 212 975 b
234 953 261 975 1.

168 1525 266 1553 ςιῐ.

1013 52 1093 94 118

278 170 465 213 dicimus
486 169 605 225 quod
629 169 714 211 alia
736 175 804 211 est
832 174 988 209 natura
1017 166 1282 219 substancie,
1304 167 1391 211 alia
1417 166 1671 218 accidentis,
1696 172 1741 210 et
1762 166 1824 209 sic

278 242 336 283 de
365 240 563 295 qualibet
592 254 648 290 re,
680 247 724 281 et
751 238 813 280 sic
842 243 1000 280 natura
1020 245 1204 280 vocatur
1231 239 1292 279 rei
1320 238 1526 289 essencia‚
1548 239 1594 280 et
1622 237 1826 280 convenit

281 311 479 353 Creatori
501 317 545 352 et
574 316 785 357 creature,
815 307 901 349 alia
929 307 1046 350 enirn
1069 309 1266 349 essencia
1287 313 1331 350 et
1357 302 1513 350 natura
1534 308 1681 350 divina
1701 321 1728 349 a
1748 320 1827 349 na-

278 381 388 424 turis
405 380 574 423 creatis.
633 378 706 420 Sic
725 378 1063 433 intelligendum
1081 384 1148 419 est
1165 378 1285 433 quod
1303 379 1498 420 essencia
1514 384 1559 419 et
1575 377 1830 419 substancia

279 458 324 493 et
346 457 503 492 natura
526 456 570 491 et
592 449 799 503 potencia
820 455 866 490 et
894 454 1094 502 potestas
1123 455 1167 490 et
1187 448 1324 490 virtus
1353 455 1398 490 et
1419 449 1498 497 vis,
1531 447 1752 502 loquendo
1773 447 1829 488 de
1849 466 1866 499 5

280 520 485 576 potencia
514 533 600 573 que
630 518 746 561 elicit
773 524 938 569 actum,
966 524 1069 560 sunt
1098 519 1274 573 penitus
1302 519 1420 560 idem
1450 518 1692 560 secundum
1722 530 1829 568 rem,

282 592 384 632 licet
400 589 608 632 differunt
623 590 667 630 in
683 590 1032 643 comparacione.
1069 589 1160 630 Res
1175 595 1326 631 autem
1344 589 1478 630 habet
1495 594 1583 629 tres
1600 601 1830 642 compara-

278 662 440 708 ciones,
471 659 650 712 scilicet,
681 659 738 701 ad
772 672 880 709 esse,
913 659 969 700 ad
1003 658 1220 709 accidens,
1251 659 1308 700 ad
1339 658 1659 713 operacionem,
1683 657 1755 699 vel
1786 657 1831 698 in

281 745 342 782 se,
390 736 435 771 et
486 735 689 784 respectu
739 729 981 771 accidentis
1025 735 1070 771 et
1117 728 1418 785 operacionis:
1450 728 1485 770 si
1532 727 1833 770 consideretur

283 807 483 856 respectu
520 813 616 841 esse
652 800 713 841 sic
751 799 908 841 dicitur
944 799 1210 848 accidencia,
1241 805 1319 840 aut
1355 799 1392 840 si
1429 798 1474 839 in
1506 812 1554 840 se
1585 797 1832 853 considere-

283 877 355 912 tur
399 870 592 912 exclusis
641 870 943 912 accidentibus
990 876 1034 911 et
1086 869 1422 922 operacionibus
1460 874 1505 909 et
1542 867 1834 923 passionibus,

283 942 440 983 dicitur
461 941 683 992 essencia3
717 940 753 982 si
783 939 788 994 Ι
814 954 918 981 vero
945 945 1229 994 comparetur
1249 939 1305 980 ad
1327 938 1531 980 accidens
1554 938 1623 979 cui
1645 937 1832 988 substat,

282 1013 344 1055 sic
387 1012 547 1054 dicitur
591 1010 858 1060 substancia,
900 1010 936 1051 si
982 1011 1039 1052 ad
1081 1009 1389 1064 operacionem
1436 1015 1728 1063 comparetur,
1773 1007 1834 1049 sic

282 1082 444 1124 dicitur
490 1082 587 1124 aliis
635 1081 916 1132 nominibus;
967 1086 1034 1122 set
1076 1087 1234 1122 natura
1285 1079 1456 1127 dicitur,
1508 1086 1724 1134 quantum
1776 1077 1833 1119 ad

283 1152 577 1207 aptitudinem
606 1151 830 1206 operandi,
860 1151 964 1205 quia
993 1157 1150 1192 natura
1179 1157 1285 1205 apta
1313 1157 1418 1192 nata
1447 1150 1562 1201 facit,
1591 1148 1834 1190 secundum

284 1223 589 1272 Aristotelem,
608 1222 821 1277 principio
843 1221 935 1265 Celz·
947 1228 991 1263 et
1008 1221 1069 1262 M
1067 1220 1187 1262 medi.
1223 1220 1270 1262 Si
1287 1234 1392 1262 vero
1410 1220 1566 1261 ceteris
1582 1219 1835 1260 nominibus

286 1294 458 1336 dicatur
478 1293 539 1334 sic
563 1293 820 1347 intelligitur
849 1292 991 1347 major
1017 1291 1246 1334 inclinacio
1274 1291 1332 1333 ad
1362 1290 1668 1345 operacionem
1700 1303 1834 1343 quam

286 1363 343 1405 sit
394 1364 613 1419 aptitudo,
655 1364 771 1404 unde
823 1362 1030 1418 potencia
1083 1363 1188 1404 dicit
1235 1361 1490 1403 ulteriorem
1540 1360 1837 1415 aptitudinem

287 1434 343 1476 ad
377 1448 490 1489 opus
523 1447 656 1487 quam
691 1440 860 1481 natura,
891 1434 1010 1487 quod
1045 1432 1276 1474 manifeste
1307 1431 1509 1474 videmus
1545 1431 1588 1471 in
1625 1443 1729 1473 ceco
1762 1429 1837 1484 qui

287 1504 423 1546 habet
452 1501 760 1561 aptituldinem
790 1503 980 1555 videndi,
1003 1509 1045 1544 et
1068 1509 1218 1544 tamen
1239 1515 1327 1544 non
1350 1507 1498 1556 potest
1519 1501 1680 1549 videre,
1704 1499 1836 1541 nichil

287 1574 404 1615 enim
432 1588 582 1616 cecum
606 1580 675 1616 est
700 1574 783 1615 nisi
809 1573 930 1627 quod
960 1580 1114 1628 aptum
1145 1579 1299 1614 natum
1330 1577 1396 1614 est
1417 1572 1579 1622 videre,
1601 1584 1705 1612 nam
1727 1568 1838 1625 lapis

287 1659 374 1686 non
398 1652 464 1687 est
487 1659 626 1696 cecuS‚
647 1645 750 1699 quia
779 1658 866 1685 non
897 1651 1027 1698 aptus
1057 1650 1187 1685 natus
1218 1650 1284 1684 est
1306 1642 1468 1684 videre.
1532 1641 1611 1683 Set
1631 1640 1840 1696 potencia

287 1715 433 1757 differt
475 1727 500 1756 a
541 1716 714 1767 virtute,
756 1715 870 1756 sicut
911 1727 1147 1756 commune
1188 1719 1231 1754 et
1273 1712 1477 1767 speciale.
1541 1711 1660 1752 Nam
1702 1711 1839 1752 virtus

288 1785 531 1826 secundum
559 1783 852 1826 Aristotelem
883 1784 1027 1837 primo
1059 1782 1151 1825 Cclz·
1176 1790 1222 1824 et
1248 1781 1418 1823 llffmzdz·
1445 1788 1513 1823 est
1545 1780 1751 1822 ultimum
1783 1780 1840 1822 de

289 1855 506 1910 potencia,
529 1855 572 1896 id
595 1861 673 1905 est,
704 1854 909 1896 ultimata
939 1853 1156 1908 potencia,
1189 1853 1300 1894 sicut
1323 1851 1518 1894 verificat
1544 1851 1587 1892 in
1616 1849 1838 1905 exemplo,

290 1931 338 1967 ut
380 1925 415 1967 si
456 1926 604 1966 asinus
642 1931 792 1978 potest
830 1924 940 1966 ferre
982 1931 1162 1966 centum
1204 1923 1338 1964 libras
1379 1929 1423 1965 et
1465 1936 1553 1977 non
1595 1921 1708 1977 plus,
1745 1920 1840 1975 ejus

290 1997 430 2038 virtus
450 1995 652 2038 consistit
675 1995 716 2036 in
744 1994 914 2037 lacione
944 2001 1120 2036 centum
1151 1994 1370 2042 librarum,
1402 1994 1544 2043 unius,
1567 1998 1611 2034 et
1639 1993 1841 2039 duarum,

292 2072 336 2108 et
381 2078 448 2117 20,
490 2071 534 2108 et
580 2066 643 2106 sic
688 2065 743 2106 de
780 2078 1045 2119 quocunque
1080 2065 1230 2116 modo,
1272 2072 1316 2106 et
1353 2064 1413 2105 sic
1451 2062 1657 2117 potencia
1693 2068 1760 2103 est
1797 2061 1840 2101 in

292 2135 404 2190 plus,
436 2142 480 2177 et
511 2135 649 2176 virtus
687 2141 753 2176 est
791 2134 988 2189 perfecta
1025 2134 1248 2188 potencia,
1282 2143 1462 2188 propter
1498 2132 1617 2187 quod
1655 2131 1762 2173 dicit
1798 2131 1840 2172 in

295 2211 338 2258 7⁰
368 2205 663 2258 Plzz’sz'corum,
690 2206 810 2259 quod
842 2205 1190 2258 unumquodque
1222 2211 1327 2246 tunc
1357 2203 1600 2258 perfectum
1631 2207 1709 2254 est,
1740 2215 1840 2244 cum

292 2275 472 2329 attingit
506 2275 682 2329 proprie
713 2274 872 2323 virtuti,
905 2273 1113 2329 potencia
1144 2287 1248 2314 vero
1286 2287 1372 2327 que
1409 2286 1497 2313 non
1531 2271 1652 2314 elicit
1686 2284 1841 2324 opera-

291 2345 465 2388 cionem
488 2352 553 2386 set
579 2345 763 2398 expedit
787 2351 830 2386 et
858 2344 1064 2386 habilitat
1087 2343 1142 2385 ad
1170 2356 1308 2396 opus;
1343 2342 1423 2384 hec
1447 2355 1534 2382 non
1557 2347 1624 2383 est
1647 2340 1843 2382 essencia

339 2445 377 2474 16
401 2445 484 2474 Celi
516 2447 554 2474 et
581 2440 767 2482 Mundi]‘?
793 2440 1003 2481 misreading
1033 2440 1074 2480 os
1097 2441 1239 2471 ‘natura
1270 2443 1428 2470 naturata
1455 2438 1503 2469 ita
1533 2436 1631 2469 secit’
1660 2436 1680 2470 l.
1706 2436 1727 2476 i,
1753 2446 1782 2468 c.
1810 2446 1843 2468 2.

292 2505 333 2533 24
358 2497 481 2531 primo
498 2496 578 2525 Geli
596 2498 634 2525 et
652 2492 808 2534 Mundi]
827 2493 848 2523 1.
866 2493 889 2532 i,
907 2503 938 2524 c.
959 2494 1030 2525 116.

337 2588 357 2618 3
381 2578 490 2619 enim]
508 2578 598 2608 enim
615 2582 668 2609 est
684 2576 750 2607 FD
948 2587 968 2615 4
993 2575 1068 2617 Sic]
1088 2575 1149 2606 Set
1166 2575 1214 2606 sic
1230 2574 1296 2605 FD
1504 2583 1526 2613 9
1549 2572 1596 2614 si]
1614 2573 1643 2603 si
1660 2572 1764 2612 igitur
1779 2570 1845 2602 FD

295 2641 336 2661 10
360 2635 519 2670 respectu
546 2655 553 2662 .
580 2655 589 2663 .
612 2655 621 2662 .
647 2629 906 2670 consideretur]
928 2639 984 2660 res
1009 2629 1042 2659 in
1069 2638 1107 2659 se
1133 2627 1174 2657 M
1343 2637 1382 2658 10
1404 2624 1619 2666 accidencia]
1638 2624 1792 2656 essencia
1809 2623 1844 2654 D

298 2692 335 2713 12
359 2682 483 2713 dicitur
507 2683 666 2713 essencia
691 2692 759 2712 om.
786 2681 852 2712 FD
1004 2691 1043 2720 13
1068 2679 1114 2721 si]
1139 2685 1192 2711 set
1216 2679 1251 2710 D
1403 2689 1446 2709 20
1468 2677 1693 2718 aptitudinem
1717 2687 1784 2707 om.
1808 2675 1845 2706 D

293 2743 330 2764 21
359 2739 477 2765 natum
494 2732 565 2774 est]
584 2739 701 2765 natum
718 2733 753 2763 D
886 2743 930 2764 22
952 2737 1053 2772 aptus
1070 2743 1134 2763 om.
1153 2732 1188 2762 D
1320 2741 1362 2771 23
1387 2730 1439 2771 et]
1457 2740 1476 2760 a
1492 2730 1527 2760 D
1671 2738 1714 2768 25
1737 2727 1842 2768 sicut]

293 2787 342 2817 sic
358 2786 394 2816 D
462 2797 502 2826 27
527 2785 643 2828 unius]
663 2791 697 2817 et
715 2785 815 2817 unius
829 2784 894 2816 FD
960 2785 1002 2816 28
1026 2785 1083 2817 alt.
1099 2783 1163 2826 sic]
1178 2784 1255 2816 ideo
1273 2783 1339 2815 FD
1405 2793 1448 2824 29
1472 2782 1570 2825 dicit]
1587 2780 1793 2814 Aristoteles
1809 2780 1844 2811 D

1854 816 1894 838 10

1911 1025 1921 1062 A'„
1913 894 1921 998 -—.-0.

1857 1165 1915 1198 152

1858 1515 1898 1538 20

1860 1865 1898 1897 25

1862 2214 1931 2247 30¹
