1934 3152
845 124 869 165 3

90 228 308 270 Dicuntur
340 233 487 268 tamen
518 225 742 279 quiescere
773 226 1015 267 secundum
1048 231 1204 274 totum,
1227 225 1327 267 licet
1353 232 1499 279 partes
1533 240 1622 267 mo-

87 304 281 346 veantur,
303 297 407 350 quia
435 303 583 348 partes
614 301 837 335 mutantur
873 295 928 336 de
959 295 1057 336 loco
1089 295 1147 336 ad
1179 293 1326 335 locum
1353 302 1420 336 set
1451 308 1626 348 semper

89 372 238 407 manet
259 371 405 407 totum
427 364 469 405 in
493 365 649 405 eodem
673 364 783 406 loco.
850 364 946 405 Hec
972 371 1138 413 tamen,
1162 364 1205 404 id
1234 370 1314 416 est,
1335 363 1513 405 celestia
1536 378 1623 406 non

88 442 190 478 sunt
223 435 284 476 ita
324 434 498 489 proprie
539 433 754 474 naturalia
794 434 1035 475 secundum
1079 434 1245 475 dictam
1282 433 1625 487 descripcionem

51 510 254 557 5nature,
305 510 349 546 et
391 503 587 544 maxime
623 509 803 557 propter
833 504 1024 557 quietem
1062 516 1150 556 qua
1185 508 1346 554 carent,
1376 503 1452 544 sed
1487 503 1628 556 magis

88 575 291 616 dicuntur
312 572 529 615 naturalia
550 572 654 626 quia
676 571 840 614 faciunt
870 579 1016 614 motus
1038 579 1081 613 et
1103 578 1244 613 status
1270 572 1313 613 in
1334 571 1562 613 elementis
1585 579 1629 614 et

89 643 377 686 elementatis.
440 643 543 683 Non
568 642 683 683 enim
705 649 939 684 moventur
961 641 1041 683 celi
1064 648 1107 683 et
1128 642 1254 684 stelle
1286 648 1409 684 motu
1441 642 1629 684 naturali

89 699 268 754 omnino
299 719 365 754 set
396 711 643 754 voluntario
674 725 751 766 per
781 711 1106 766 intelligencias.
1168 711 1282 754 Sunt
1313 718 1462 753 tamen
1499 725 1629 753 cause

90 789 290 824 motuum
313 781 578 824 naturalium
603 788 647 823 et
668 781 866 834 quietum
883 781 925 821 in
947 781 1030 823 hiis
1047 780 1319 823 inferioribus
1342 781 1626 823 naturalibus.

33 923 71 944 10
152 901 397 958 Capitulum
441 901 671 943 secundum
731 902 782 942 de
832 916 1008 943 numero
1058 908 1101 943 et
1148 902 1298 944 ordine
1348 902 1630 944 scz'encz'armiz

90 971 378 1014 naturalium.

150 1054 221 1094 De
242 1053 325 1094 hiis
345 1065 449 1093 vero
471 1051 744 1093 naturalibus
763 1051 900 1093 multe
921 1052 1106 1092 sciencie
1123 1059 1239 1101 sunt,
1261 1052 1373 1095 sicut
1395 1052 1437 1093 in
1456 1052 1630 1094 Metha-

93 1120 259 1175 phisica
291 1133 391 1160 mea
422 1125 560 1173 patet,
582 1119 640 1159 ibi
672 1119 789 1159 enim
821 1118 1119 1159 demonstravi
1150 1119 1270 1171 quod
1302 1127 1478 1173 oportet
1510 1120 1630 1174 quod

91 1187 282 1241 quedam
306 1186 491 1227 sciencia
519 1186 576 1226 sit
604 1186 660 1227 de
687 1185 993 1227 communibus
1021 1185 1321 1235 naturalibus;
1354 1200 1457 1228 nam
1487 1193 1631 1241 preter

34 1273 71 1304 15
90 1255 296 1311 specialia
316 1262 417 1297 sunt
443 1254 768 1310 quamplurima
796 1254 1047 1295 communia
1076 1268 1161 1308 que
1185 1255 1405 1298 sufficiunt
1431 1257 1474 1297 in
1495 1270 1630 1310 quan-

91 1327 220 1368 titate
240 1326 297 1367 ad
319 1325 551 1367 scienciam
576 1337 810 1378 magnam3
844 1330 889 1365 et
916 1331 1018 1364 sunt
1047 1324 1237 1365 difficilia
1265 1331 1309 1366 et
1337 1324 1463 1366 utilia
1491 1326 1633 1367 valde.

84 1396 153 1436 -Et
191 1395 290 1437 ideo
324 1408 423 1436 cum
460 1408 529 1435 ars
570 1400 614 1435 et
655 1394 843 1435 sciencia
883 1393 1046 1435 debent
1081 1408 1175 1435 esse
1212 1394 1268 1435 de
1304 1395 1400 1437 utili
1437 1401 1481 1436 et
1515 1396 1634 1437 bono

92 1465 332 1507 secundum
354 1463 645 1505 Aristotelem
673 1463 715 1504 in
736 1463 783 1503 E
788 1462 924 1512 tlzz‘cz's,
947 1463 1105 1506 merito
1138 1464 1195 1505 de
1219 1463 1302 1505 hiis
1326 1465 1633 1506 communibus

92 1536 226 1577 debet
266 1534 472 1576 constitui
500 1534 688 1575 sciencia
717 1534 824 1575 satis
856 1547 1029 1587 magna.
1093 1533 1226 1575 Unde
1257 1535 1368 1577 sicut
1405 1535 1635 1589 composui

35 1620 74 1642 20
92 1604 322 1646 scienciam
351 1617 557 1658 magnam
584 1604 640 1644 de
671 1603 977 1645 communibus
1010 1603 1329 1645 Methamatice
1354 1611 1456 1646 ante
1487 1612 1635 1659 partes

93 1673 188 1727 ejus
208 1673 432 1727 speciales,
453 1687 506 1714 eo
527 1673 645 1727 quod
671 1673 921 1714 communia
948 1673 1042 1726 ejus
1069 1680 1171 1715 sunt
1200 1674 1340 1715 multa
1369 1680 1413 1716 et
1440 1673 1636 1716 difficilia

94 1751 139 1786 et
161 1743 301 1793 utilia,
323 1743 384 1785 sic
406 1743 475 1784 hic
497 1742 638 1784 facere
661 1756 749 1784 non
781 1743 1000 1794 omittam,
1022 1750 1066 1784 et
1095 1744 1157 1784 sic
1179 1743 1280 1785 fecit
1305 1743 1570 1785 Aristoteles
1591 1744 1635 1784 in

94 1813 280 1856 sciencia
321 1812 508 1854 naturali
549 1812 727 1866 vulgata
768 1813 885 1866 apud
930 1813 1129 1854 Latinos.
1192 1813 1309 1855 Nam
1348 1813 1496 1854 omnia
1531 1820 1634 1855 sunt

95 1883 348 1924 communia
369 1896 456 1936 que
477 1882 743 1923 determinat
766 1883 809 1922 in
826 1881 948 1923 libris
968 1882 1241 1925 naturalibus
1264 1882 1468 1937 vulgatis,
1491 1897 1633 1938 quon-

38 1968 75 1999 25
96 1953 184 1994 iam
232 1959 279 1994 ut
325 1959 480 1993 notum
524 1958 590 1993 est
641 1952 860 2002 omnibus,
901 1953 957 1993 de
999 1953 1310 1994 communibus
1362 1953 1631 1995 naturalium

97 2027 256 2063 tractat
288 2022 330 2062 in
364 2021 475 2063 libro
507 2020 797 2072 th'sz'cornm,
830 2028 878 2063 ut
909 2022 964 2063 de
991 2022 1228 2076 principiiS,
1249 2028 1293 2064 et
1325 2029 1465 2074 motu,
1497 2029 1541 2064 et
1573 2023 1635 2064 in-

97 2090 234 2140 finito,
255 2097 300 2133 et
323 2091 429 2141 loco,
453 2098 497 2133 et
519 2105 670 2139 vacu0‚
695 2097 739 2132 et
761 2097 973 2144 tempore,
991 2098 1034 2133 et
1056 2092 1113 2133 de
1134 2092 1231 2133 aliis
1252 2092 1479 2142 similibus,
1502 2099 1636 2146 atque

97 2163 140 2202 in
162 2161 368 2203 omnibus
390 2161 486 2202 aliis
506 2160 627 2202 libris
656 2161 743 2202 fere
767 2161 809 2201 in
839 2176 918 2203 sua
940 2161 1220 2215 philosophia
1248 2161 1430 2216 vulgata
1452 2163 1636 2206 tradidit

97 2231 234 2274 eciam
265 2231 529 2281 communia,
551 2231 650 2271 licet
673 2231 730 2271 ad
759 2230 970 2284 speciales
999 2245 1065 2272 res
1089 2232 1339 2284 descendat,
1362 2239 1410 2274 ut
1437 2246 1494 2274 ex
1517 2233 1636 2275 libris

38 2322 79 2353 30
98 2301 382 2356 sequentibus
405 2299 594 2354 patefiet.
657 2301 776 2341 Nam
793 2301 835 2340 in
857 2300 969 2341 libro
991 2300 1082 2342 Celz‘
1094 2308 1139 2342 et
1156 2301 1337 2353 Mundi,
1353 2302 1455 2344 licet
1475 2310 1635 2346 tractet

97 2372 154 2414 de
182 2372 379 2426 partibus
408 2370 488 2411 celi
518 2377 560 2412 et
590 2371 756 2419 mundi,
776 2384 862 2424 que
889 2377 990 2412 sunt
1019 2384 1088 2412 res
1115 2371 1338 2425 speciales,
1364 2379 1514 2415 tamen
1546 2387 1635 2416 non

146 2476 184 2505 18
208 2477 248 2505 in
265 2473 430 2514 Ethjeis]
448 2473 504 2504 lib.
527 2483 554 2504 1.
574 2483 707 2504 comma
727 2483 740 2503 1
762 2474 830 2514 (ed.
854 2474 965 2512 1496).

142 2574 162 2603 3
186 2570 310 2604 tamen,
328 2564 362 2595 id
379 2564 447 2606 est]
465 2563 596 2595 scilicet
609 2563 643 2594 F
737 2573 757 2602 5
781 2562 863 2603 qua]
883 2563 928 2593 ita
945 2562 978 2592 F
1064 2573 1102 2602 13
1126 2568 1264 2603 oportet
1280 2564 1387 2605 quod]
1405 2569 1540 2605 oportet
1556 2570 1592 2597 ut
1606 2566 1639 2597 F

102 2627 140 2655 14
164 2615 224 2657 sit]
242 2616 310 2647 sint
324 2616 358 2646 F
460 2625 499 2656 15
524 2614 731 2656 communia]
749 2613 975 2654 generalia-D
1088 2617 1127 2646 18
1150 2616 1403 2657 communibus]
1421 2618 1579 2649 omnibus
1596 2618 1638 2649 M

102 2679 208 2709 19—20
233 2668 336 2700 Unde
353 2692 361 2700 .
382 2693 390 2701 .
411 2692 418 2699 .
437 2679 593 2708 magnam
610 2679 678 2699 om.
699 2667 732 2697 D
795 2678 834 2707 19
858 2667 1051 2709 composui]
1068 2668 1166 2708 posui
1181 2668 1216 2698 F
1293 2679 1331 2699 21
1358 2670 1431 2708 ejus
1447 2671 1632 2712 speciales]

99 2721 172 2760 ejus
189 2721 392 2761 principales
408 2721 575 2761 speciales
590 2721 624 2751 F
708 2720 897 2751 communia
913 2718 1004 2761 ejus]
1018 2720 1074 2751 illa
1090 2721 1284 2752 communia
1296 2720 1361 2751 FD
1448 2732 1490 2752 22
1515 2728 1549 2754 et
1566 2722 1632 2765 sic]

98 2779 132 2805 et
149 2777 185 2804 ut
199 2773 234 2803 D
368 2783 410 2812 23
436 2772 541 2815 Nam]
560 2773 718 2804 Sciencia
731 2772 765 2802 F
915 2782 956 2812 25
981 2772 1039 2814 de]
1058 2773 1100 2804 de
1117 2773 1239 2813 quibus
1256 2773 1290 2804 F
1440 2785 1483 2815 29
1506 2775 1632 2818 eciam]

96 2826 242 2865 quedam
260 2825 329 2856 DF
413 2825 618 2866 descendat]
636 2825 847 2856 descendant
864 2824 899 2854 D

826 2891 901 2924 132

1653 910 1754 942 1b1.
