1934 3152
815 163 866 208 37

69 271 252 328 plicacio
270 270 350 312 erit
367 271 608 313 secundum
628 270 813 325 figuram
831 270 981 324 partis,
998 278 1042 312 et
1056 269 1138 311 erit
1155 268 1391 322 columpna
1409 267 1613 316 rotunda,

71 340 184 381 sicut
205 339 250 380 in
278 338 488 394 predictis
515 338 597 379 erit
626 337 865 392 columpna
892 337 1088 386 laterata,
1115 342 1159 377 et
1189 336 1304 377 istud
1335 347 1513 376 necesse
1535 341 1613 382 est,

69 410 173 464 quia
195 407 510 463 multiplicacio
533 407 581 448 fit
603 408 843 449 secundum
866 407 1003 449 lineas
1026 413 1165 448 rectas
1188 405 1230 446 in
1252 417 1436 459 corpore
1458 403 1587 444 unius
1607 408 1612 459 Ι

72 477 441 533 ἀγειρὴειηείῒειῖῐε,
465 484 508 519 et
536 478 777 519 secundum
807 475 1192 531 perpendiculares
1218 476 1274 516 ad
1302 473 1443 515 basim
1473 486 1498 514 a
1527 486 1615 526 qua

27 561 48 594 5
70 555 248 590 exeunt.
310 547 369 588 Et
398 548 498 589 ideo
527 547 636 588 radii
664 553 767 588 sunt
796 546 1127 601 equidistantes‚
1148 544 1359 598 quoniam
1389 557 1415 584 a
1441 542 1615 597 punctis

70 617 444 672 equidistantibus
481 623 660 658 exeunt.
723 617 784 658 Et
821 616 1134 657 nichilominus
1169 621 1320 656 tamen
1356 626 1383 654 a
1417 612 1616 668 quolibet

70 694 234 743 puncto
264 688 371 729 dato
395 686 437 728 in
461 692 620 741 agente
650 692 818 728 exeunt
845 685 960 727 linee
985 685 1167 727 infinite.
1214 683 1308 734 ‚Set
1330 696 1418 724 una
1440 687 1616 723 tantum

69 759 126 800 ab
159 771 247 799 uno
276 763 443 812 puncto
473 763 539 798 est
567 755 939 811 perpendicularis
972 769 1103 809 super
1130 767 1267 808 agens
1298 760 1342 794 et
1371 752 1613 794 secundum

71 827 168 869 illas
204 827 588 882 perpendiculares
629 825 874 868 attenditur
915 824 1226 878 multiplicacio
1269 820 1535 877 principalis,
1572 826 1616 861 et

11 917 50 942 10
71 898 172 939 ideo
194 897 394 951 sequitur
414 895 601 951 figuram
618 895 736 937 basis
753 910 779 937 a
800 909 888 949 qua
910 893 1004 936 exit
1025 901 1069 936 et
1091 892 1357 935 terminatur
1377 891 1433 933 ad
1461 891 1614 933 basem

69 967 355 1010 consimilem.

82 1070 85 1071 γ
129 1036 209 1079 Set
242 1036 485 1079 secundum
518 1035 602 1078 hoc
635 1035 787 1089 incipit
817 1047 979 1089 magna
1011 1034 1186 1087 questio
1216 1033 1271 1074 de
1303 1032 1399 1073 luce
1431 1031 1616 1073 cadente

70 1120 146 1161 per
173 1106 369 1149 foramen
392 1120 576 1161 parvum
601 1105 930 1155 multilaterum‚
949 1117 1035 1157 que
1058 1103 1135 1144 lux
1153 1103 1271 1144 cadit
1293 1102 1335 1142 in
1359 1101 1527 1155 pariete
1549 1098 1618 1140 vel

638 1278 1022 1554 >›‹

782 1628 863 1658 Flo.
885 1635 912 1668 7.

70 1748 170 1778 area
208 1737 252 1777 in
285 1735 425 1790 figura
455 1733 664 1781 circulari,
702 1741 751 1776 ut
782 1733 984 1775 videmus
1015 1733 1071 1774 ad
1103 1744 1298 1774 sensum.
1374 1729 1453 1772 Set
1489 1729 1524 1770 si
1562 1729 1620 1770 sit

12 1823 24 1845 ι
32 1825 49 1856 5
71 1819 280 1861 magnum
302 1806 500 1847 foramen
524 1803 859 1854 multilaterum,
881 1815 968 1844 non
992 1802 1152 1844 accidit
1172 1802 1257 1842 hoc
1286 1801 1347 1843 ita
1368 1800 1454 1842 cito
1476 1799 1552 1839 sed
1575 1797 1620 1840 in

71 1876 226 1930 majori
269 1875 492 1918 distancia.
557 1874 616 1916 Et
647 1875 831 1928 quidam
864 1873 1016 1928 magni
1048 1886 1105 1914 ex
1138 1871 1332 1924 antiquis
1363 1868 1619 1911 raciocinati

73 1953 178 1988 sunt
215 1945 258 1987 in
294 1945 412 1986 hunc
446 1945 642 1995 modum,
674 1944 873 1986 dicentes
906 1943 1027 1997 quod
1063 1942 1202 1983 latera
1234 1939 1356 1994 parvi
1393 1937 1620 1980 foraminis

71 2029 226 2069 parum
259 2014 441 2064 distant,
464 2021 507 2056 et
536 2014 637 2055 ideo
668 2014 745 2054 lux
776 2014 818 2054 in
850 2026 987 2067 parva
1014 2010 1231 2053 distancia
1259 2014 1407 2064 potest
1433 2007 1619 2062 figuram

74 2097 344 2138 recuperare,
384 2092 453 2126 set
499 2083 679 2137 quando
725 2083 883 2124 transit
930 2095 1008 2136 per
1049 2080 1236 2135 figuram
1279 2090 1488 2133 magnam
1532 2089 1618 2127 non

10 2170 53 2193 20
73 2160 222 2208 potest
255 2154 319 2195 ita
350 2154 406 2195 de
437 2153 568 2202 facili,
597 2159 663 2194 set
697 2152 739 2193 in
772 2152 920 2206 aliqua
950 2150 1164 2193 distancia
1195 2147 1442 2197 sufficienti,
1473 2146 1509 2187 si
1541 2146 1619 2186 ob-

72 2223 242 2265 stacula
264 2229 588 2264 amoverentur.
651 2222 755 2264 Hoc
790 2229 939 2263 autem
971 2219 1234 2261 confirmant
1265 2232 1345 2273 per
1379 2222 1481 2268 15³¹²³
1512 2215 1619 2256 Ele-

75 2299 319 2334 mentorum
362 2292 490 2346 primi
537 2291 748 2340 Euclidis,
791 2298 841 2333 ut
881 2290 1076 2332 ostendit
1128 2287 1267 2342 figura
1309 2284 1619 2340 suprascripta.

74 2362 192 2403 Nam
224 2362 455 2403 trahantur
483 2361 591 2402 radii
620 2361 678 2402 ab
707 2360 1035 2408 interseceione‚
1056 2364 1272 2412 quantum
1303 2362 1370 2397 est
1398 2354 1454 2397 ab
1487 2355 1619 2396 inter·

117 2479 201 2508 12-5
219 2470 266 2510 (p.
285 2469 342 2510 38)
372 2471 438 2500 Set,
462 2470 672 2500 secundum
696 2469 768 2499 hoc
786 2491 794 2498 .
813 2491 821 2498 .
843 2490 851 2498 .
869 2468 1015 2503 sperica
1038 2465 1183 2501 equalis
1208 2462 1298 2504 soli]
1325 2462 1474 2501 Bridges
1495 2460 1516 2493 i.
1546 2461 1620 2492 118.

75 2520 166 2563 Note
183 2522 257 2553 that
275 2522 390 2553 Bacon
408 2521 492 2552 here
509 2521 633 2560 rejects
650 2520 682 2550 in
699 2519 783 2550 both
800 2518 949 2550 editions
965 2517 1023 2548 the
1041 2516 1189 2548 solution
1206 2515 1250 2546 he
1267 2519 1327 2555 put
1344 2513 1494 2546 sorward
1511 2513 1544 2544 in
1563 2513 1622 2544 the

73 2572 169 2614 Opus
184 2573 310 2616 Majus.
366 2573 437 2613 Fig.
460 2584 477 2613 7
494 2573 652 2613 supplied
670 2572 754 2603 from
774 2571 870 2612 Opus
891 2570 1018 2613 Majus.

117 2675 137 2696 2
162 2666 244 2708 erit]
261 2670 313 2697 est
329 2664 392 2695 FD
569 2675 589 2703 4
614 2660 908 2704 dyaphaneitatis]
927 2659 1210 2701 dyaphoneitatis
1227 2657 1310 2690 Mss.
1416 2656 1620 2698 secundum]

73 2719 260 2749 secundum
277 2718 319 2749 ad
335 2717 371 2748 D
475 2728 492 2757 7
519 2715 616 2757 dato]
635 2719 730 2746 tanto
747 2714 781 2745 F
861 2723 882 2753 9
906 2712 996 2754 illas]
1014 2712 1090 2743 illos
1106 2711 1141 2741 D
1233 2720 1272 2742 12
1297 2708 1571 2750 incipit]‚in5:idit
1587 2708 1623 2740 D

77 2778 116 2809 13
141 2770 231 2802 cadit
248 2780 315 2802 om.
333 2769 369 2800 D
460 2779 498 2808 14
523 2767 620 2809 area]
637 2777 718 2798 area
734 2770 877 2806 apparet
893 2764 929 2795 D
1020 2774 1059 2804 15
1083 2763 1205 2795 accidit
1221 2772 1289 2794 om.
1308 2761 1342 2792 F
1423 2762 1462 2792 16
1486 2761 1621 2802 quidam

74 2822 206 2864 magui]
222 2822 360 2862 quidem
378 2821 490 2853 maeni
507 2820 540 2850 F
768 2828 810 2849 20
834 2816 897 2858 ita]
914 2817 961 2847 ita
977 2816 1043 2847 cito
1061 2815 1096 2846 D
1348 2812 1477 2855 aliqua]
1495 2813 1581 2844 alico
1596 2812 1629 2843 F

75 2873 113 2905 2'1
144 2874 242 2916 15am]
263 2875 343 2914 15⁸mn
360 2878 394 2905 et
410 2875 472 2912 4am
485 2872 550 2905 FD
683 2880 724 2910 23
750 2868 943 2910 trahantur]
960 2868 1139 2899 trahentur
1154 2867 1188 2898 F
1210 2886 1213 2889 -

1636 481 1760 506 1022.
