1934 3152
145 1111 268 1142 28a1.

1033 90 1108 118 102

289 192 392 235 licet
415 194 658 235 secundum
682 192 790 234 illud
817 192 938 246 quod
961 197 1028 233 est
1056 192 1113 234 sit
1140 191 1183 232 in
1213 191 1519 247 singularibus.
1581 190 1754 245 Quarta
1775 197 1841 232 est

290 264 411 317 quod
443 262 687 304 universale
719 262 774 304 sit
805 261 949 303 solum
982 261 1026 302 in
1057 260 1351 315 singularibus
1385 268 1431 303 et
1467 274 1555 302 non
1589 261 1841 316 dependeat

289 335 346 375 ab
368 333 516 374 anima
538 332 685 387 aliquo
715 332 863 373 modo.
928 330 1009 372 Set
1039 327 1160 386 quod
1189 332 1332 387 prima
1361 332 1418 374 sit
1444 327 1553 373 falsa
1578 337 1703 387 patet
1723 331 1840 385 quia,

288 403 369 445 etsi
417 417 506 444 non
557 409 672 444 esset
719 402 869 443 anima
914 401 1158 453 racionalis‚
1201 402 1290 443 duo
1334 401 1504 456 lapides
1556 401 1841 443 convenirent

288 473 553 522 adinvicem,
589 478 633 514 et
669 473 758 514 duo
794 471 917 520 asini,
956 477 1000 513 et
1037 471 1126 513 duo
1167 472 1288 526 ligna
1322 472 1435 514 sicut
1472 485 1618 521 nunc3
1658 477 1726 513 set
1760 469 1842 513 hec

288 543 601 585 conveniencia
643 541 748 583 facit
790 541 1052 593 universale,
1087 555 1194 595 ergo
1236 541 1480 584 universale
1522 547 1718 583 remanet
1759 540 1842 583 etsi

289 613 438 654 anima
478 626 566 652 non
606 618 734 653 esset.
799 611 916 652 Item
958 611 1093 652 nichil
1135 612 1256 665 quod
1297 618 1364 653 est
1399 618 1529 653 extra
1564 625 1656 653 rem
1693 615 1842 666 potest

289 683 344 723 de
381 696 431 723 ea
469 682 682 736 predicari
718 694 796 736 per
830 681 1141 732 inherenciam,
1176 688 1225 723 ut
1257 687 1381 737 patet
1418 681 1462 722 in
1496 681 1734 733 omnibus;
1773 687 1843 722 set

288 751 534 793 universale
556 751 808 805 predicatur
830 751 887 792 de
908 750 1217 805 singularibus,
1239 765 1345 808 ergo
1367 765 1455 792 non
1479 757 1628 806 potest
1649 750 1842 805 separari

288 823 345 863 ab
367 822 442 864 eis.
507 821 622 864 Item
644 821 758 875 lapis
787 835 876 862 non
902 827 969 863 est
994 821 1038 862 in
1068 821 1227 873 anima,
1256 827 1324 863 set
1349 821 1519 877 species
1548 821 1643 863 sola
1671 820 1842 879 lapidis,

288 892 424 934 tercio
445 891 514 933 De
537 891 722 942 Anima,
751 905 858 946 ergo
885 890 1169 933 manifestum
1203 898 1270 933 est
1302 892 1423 946 quod
1454 891 1588 933 nichil
1613 892 1669 933 de
1694 891 1844 946 lapide

290 969 358 1004 est
389 963 432 1003 in
466 963 616 1004 anima
647 961 729 1003 nisi
761 961 932 1016 species
963 968 1008 1003 et
1039 961 1309 1011 similitud03
1345 968 1411 1004 set
1442 961 1523 1002 hec
1554 961 1722 1017 species
1754 974 1842 1002 non

289 1033 544 1086 predicatur
574 1033 629 1073 de
659 1031 968 1086 singularibus,
993 1045 1074 1074 nec
1105 1038 1171 1074 est
1202 1046 1438 1074 commune
1469 1032 1544 1084 eis,
1572 1032 1710 1073 immo
1737 1045 1843 1085 que-

288 1103 396 1145 libet
418 1102 649 1156 singularis
676 1101 681 1157 Ι
711 1101 817 1143 facit
838 1102 1031 1155 speciem
1054 1116 1080 1143 a
1101 1116 1147 1144 se
1169 1102 1406 1156 propriam,
1425 1101 1671 1144 universale
1691 1107 1842 1143 autem

288 1180 356 1214 est
386 1185 626 1214 commune
657 1172 858 1227 pluribus
890 1178 935 1213 et
972 1171 1225 1226 predicatur
1256 1173 1313 1214 de
1351 1172 1427 1221 eis,
1459 1185 1565 1226 ergo
1596 1170 1844 1214 universale

286 1256 375 1284 non
398 1249 466 1284 est
487 1243 530 1283 in
552 1243 715 1283 anima.

347 1313 526 1354 Deinde
558 1313 665 1354 dato
687 1312 808 1366 quod
840 1311 1087 1353 universale
1109 1325 1198 1354 non
1225 1318 1292 1353 est
1315 1313 1359 1353 in
1387 1312 1545 1360 anima,
1569 1318 1693 1365 patet
1720 1311 1841 1365 quod

289 1384 483 1425 secunda
514 1382 681 1437 posicio
714 1387 781 1423 est
811 1380 933 1423 falsa.
997 1382 1117 1424 Nam
1151 1382 1339 1424 ostendo
1372 1383 1492 1437 quod
1523 1382 1672 1423 anima
1708 1380 1842 1423 nichil

287 1452 392 1494 facit
428 1453 485 1495 ad
523 1451 913 1503 universalitatem,
949 1452 1054 1506 quia
1096 1453 1186 1494 duo
1222 1466 1316 1494 esse
1357 1452 1494 1493 habet
1535 1451 1842 1502 individuum;

286 1536 424 1564 unum
472 1530 538 1564 est
580 1522 836 1565 absolutum
881 1535 959 1575 per
1007 1522 1222 1576 principia
1264 1536 1349 1576 que
1398 1522 1706 1577 ingrediuntur
1746 1521 1840 1576 ejus

286 1593 543 1643 essenciam‚
567 1599 610 1634 et
639 1591 759 1634 aliud
789 1597 856 1633 est
883 1598 1192 1647 comparatum
1221 1592 1463 1633 secundum
1493 1591 1614 1646 quod
1637 1591 1841 1633 convenit

287 1676 387 1705 cum
407 1663 636 1704 individuo
653 1662 737 1704 sibi
759 1661 902 1713 simili,
920 1668 968 1703 ut
985 1662 1103 1716 prius
1126 1662 1383 1716 expositum
1403 1669 1470 1704 est
1488 1676 1497 1713 ;
1520 1668 1588 1704 set
1605 1668 1841 1716 utrumque

289 1747 386 1775 esse
426 1733 576 1783 habet,
608 1733 691 1774 etsi
722 1732 871 1773 anima
908 1745 998 1774 non
1029 1732 1107 1773 sit:
1151 1746 1256 1787 ergo
1288 1732 1437 1773 anima
1468 1731 1601 1773 nichil
1641 1731 1746 1773 facit
1783 1731 1840 1773 ad

289 1803 666 1844 universalitatem
699 1815 787 1856 que
819 1808 885 1843 est
917 1801 960 1842 in
993 1803 1134 1844 rebus.
1198 1802 1273 1843 Ex
1305 1802 1466 1856 quibus
1492 1802 1691 1857 sequitur
1717 1801 1840 1856 quod

288 1873 427 1915 tercia
450 1873 621 1927 posicio
647 1872 702 1913 sit
723 1872 843 1913 falsa.

349 1943 466 1984 Nam
490 1956 590 1984 cum
621 1943 664 1983 in
692 1942 841 1983 anima
871 1955 959 1983 non
989 1942 1057 1984 sit·
1074 1941 1325 1991 universale,
1348 1955 1428 1983 nec
1456 1942 1605 2002 anima
1634 1947 1841 1996 operatur

289 2012 456 2067 aliquid
479 2013 536 2054 ad
562 2012 954 2063 universalitatem,
975 2018 1081 2053 tunc
1100 2012 1344 2064 universale
1360 2012 1602 2053 secundum
1618 2011 1838 2053 racionem

289 2081 546 2124 universalis
563 2096 651 2123 non
666 2088 732 2124 est
747 2083 791 2122 in
805 2082 966 2124 anima.
1016 2082 1319 2136 Propter<ea>
1335 2082 1416 2124 hec
1429 2082 1598 2136 posicio
1612 2087 1678 2123 est
1691 2080 1841 2123 falsior

288 2153 397 2203 aliis,
421 2153 527 2206 quia
558 2153 601 2193 in
633 2153 838 2194 omnibus
871 2152 915 2193 id
939 2152 1058 2205 quod
1092 2158 1159 2194 est
1191 2158 1235 2193 et
1257 2152 1374 2194 racio
1405 2166 1484 2193 sua
1514 2151 1645 2193 simul
1671 2156 1773 2192 sunt
1795 2150 1839 2191 in

1859 490 1878 523 5

1862 839 1903 863 10

1862 1190 1901 1223 15

1860 1541 1901 1564 20

1860 1890 1899 1923 25

290 2223 461 2264 eodem.
523 2222 643 2264 Nam
673 2223 749 2264 ubi
777 2228 845 2264 est
873 2235 1011 2263 unum
1042 2221 1101 2263 ibi
1130 2228 1196 2263 est
1224 2221 1467 2276 reliquum3
1504 2228 1552 2263 ut
1574 2221 1650 2262 ubi
1679 2226 1746 2262 est
1773 2218 1840 2262 sol
1859 2239 1900 2272 30

289 2292 347 2333 ibi
379 2299 446 2334 est
478 2293 594 2335 racio
626 2293 745 2344 solis,
772 2299 816 2334 et
849 2292 923 2334 ubi
957 2299 1023 2334 est
1054 2291 1203 2334 asinus
1236 2291 1295 2333 ibi
1331 2298 1396 2334 est
1428 2292 1547 2333 racio
1578 2291 1702 2341 asini,
1733 2303 1839 2346 ergo

289 2363 470 2404 omnino
492 2362 678 2404 stultum
700 2369 767 2404 est
789 2363 934 2404 dicere
956 2362 1077 2416 quod
1099 2361 1343 2403 universale
1365 2362 1446 2404 sub
1469 2361 1642 2403 racione
1668 2361 1838 2402 univer-

288 2431 391 2473 salis
422 2438 488 2473 est
521 2432 680 2473 alicubi
714 2432 789 2474 ubi
822 2432 865 2473 id
899 2432 1018 2486 quod
1050 2438 1116 2473 est
1148 2431 1391 2473 universale
1422 2444 1509 2472 non
1536 2430 1630 2472 erit.
1693 2430 1754 2472 Et
1779 2429 1837 2471 ad

288 2501 677 2543 confirmacionem
710 2502 909 2544 omnium
935 2515 1049 2542 nunc
1081 2501 1300 2544 dictorum
1334 2506 1483 2555 potest
1509 2499 1686 2555 allegari
1717 2499 1838 2554 quod

289 2570 410 2624 prius
431 2570 703 2613 declaratum
727 2578 805 2619 est,
832 2572 953 2625 quod
981 2570 1226 2612 universale
1256 2570 1350 2611 exit
1380 2570 1422 2610 in
1452 2583 1547 2611 esse
1576 2583 1654 2623 per
1682 2582 1837 2624 opera·
1856 2587 1897 2621 35

290 2639 463 2680 cionem
497 2648 664 2690 nature,
698 2648 741 2682 et
772 2641 1014 2695 quomodo.
1077 2639 1158 2682 Set
1193 2639 1489 2694 apprehensio
1523 2639 1668 2680 anime
1705 2638 1837 2680 nichil

291 2709 394 2750 facit
417 2710 472 2750 ad
494 2711 803 2764 operacionem
827 2717 994 2764 nature,
1016 2724 1122 2764 ergo
1144 2709 1431 2752 vanissimum
1458 2715 1524 2750 est
1547 2709 1692 2750 dicere
1716 2708 1836 2762 quod

291 2779 438 2819 anima
460 2778 563 2820 facit
586 2779 842 2821 universale.
905 2778 983 2821 Set
1006 2786 1160 2821 contra
1186 2779 1269 2822 ista
1295 2785 1396 2820 sunt
1418 2778 1703 2820 auctoritates
1726 2777 1837 2820 falso
