1934 3152
818 136 870 176 29

70 240 367 296 experiencias
398 238 558 280 multas
587 245 629 280 et
658 239 986 280 combustiones
1006 238 1146 280 varias
1175 251 1261 292 que
1288 236 1380 279 fieri
1412 244 1608 292 possunt.

72 312 246 353 Eodem
277 310 412 351 modo
439 308 490 351 fit
518 309 676 350 fraccio
709 309 752 349 in
781 308 1008 363 superficie
1039 322 1163 361 aque,
1192 315 1235 349 et
1264 308 1325 349 sic
1351 307 1612 361 generaliter

73 381 247 431 accidit,
289 380 468 433 quando
510 392 668 432 corpus
710 379 952 419 secundum
994 384 1061 419 est
1102 379 1279 419 densius
1321 379 1465 430 primo
1506 383 1610 419 tunc

71 458 229 492 natura
246 449 365 504 eligit
383 448 555 503 operari
579 448 694 489 inter
715 448 931 489 incessum
950 453 1115 489 rectum
1139 453 1183 488 et
1204 446 1611 500 perpendicularem

33 538 51 569 5
72 521 319 562 ducendam
341 534 366 560 a
383 519 482 560 loco
504 518 739 565 fraccionis,
757 525 848 558 tam
868 518 910 558 in
934 517 1189 570 corporibus
1211 516 1351 570 planis
1379 515 1383 571 Ι
1412 530 1545 570 quam
1569 518 1612 557 in
1633 525 1651 554 8
1670 523 1690 553 b
1711 533 1738 555 1.

73 590 263 645 spericis.
325 589 420 630 Nec
443 595 509 629 est
540 587 689 642 aliqua
710 588 951 640 diversitas,
979 587 1058 628 nisi
1088 587 1208 640 quod
1240 587 1613 640 perpendicularis

72 660 199 702 aliter
220 659 406 700 sumitur
427 659 470 699 in
494 658 647 712 planis.
714 658 829 699 Nam
853 658 955 711 quia
978 657 1035 698 ibi
1062 670 1150 697 non
1172 663 1238 698 θεῖ
1266 664 1489 706 centrum3
1521 672 1616 712 per-

73 728 364 783 pendicularis
401 735 467 770 est
500 727 573 769 illa
604 742 736 782 super
767 727 961 781 planum,
993 740 1080 780 que
1120 740 1219 767 cum
1251 727 1454 767 omnibus
1490 726 1615 769 lineis

74 798 462 841 conterminalibus
485 799 528 838 in
558 797 633 839 illo
657 798 790 852 plano
819 798 1017 838 extensis
1046 796 1148 838 facit
1174 795 1361 849 angulos
1390 804 1546 850 rectos,
1567 803 1615 838 ut

17 885 54 907 10
72 867 169 908 vult
205 865 416 907 Euclides
450 866 492 906 in
530 865 763 906 undecimo
800 864 910 905 libro
953 863 1297 914 Elementorum,
1329 869 1378 904 ut
1409 871 1533 918 patet
1573 865 1615 905 in

787 1765 866 1796 F1o.
890 1775 916 1797 2.

79 1877 229 1932 figura.
303 1880 420 1921 Nam
461 1881 513 1934 ef
545 1886 610 1921 est
643 1879 1013 1935 perpendicularis
1050 1893 1179 1933 super
1215 1894 1388 1933 aquam,
1425 1881 1527 1935 quia
1563 1882 1619 1923 ad

80 1949 264 2001 angulos
296 1957 437 1991 rectos
465 1957 584 1991 secat
616 1950 778 1991 lineam
805 1949 861 2001 lcl,
893 1956 938 1991 θῖ
965 1949 1012 1991 eb
1034 1956 1099 1990 est
1121 1963 1209 1991 non
1237 1951 1620 2005 perpendicularis,

80 2019 183 2071 quia
205 2019 323 2061 cadit
344 2020 399 2060 ad
429 2019 615 2073 angulos
641 2019 858 2073 obliquos,
880 2025 924 2060 et
951 2020 1050 2060 ideo
1076 2019 1288 2073 frangitur
1316 2022 1358 2061 in
1387 2035 1415 2062 a
1444 2028 1620 2075 puncto,

81 2088 155 2141 qui
178 2095 244 2130 est
267 2088 387 2131 locus
409 2088 646 2140 fraccionis,
669 2095 712 2130 θῖ
735 2090 856 2130 vadit
879 2102 1018 2142 usque
1038 2104 1059 2129 c
1080 2090 1193 2130 inter
1215 2090 1428 2131 incessum
1452 2098 1619 2132 rectum

23 2168 60 2200 15
81 2171 212 2210 quem
246 2157 429 2199 haberet
464 2159 499 2200 si
532 2173 619 2199 non
653 2158 936 2212 frangeretur,
969 2159 1042 2212 qui
1074 2165 1140 2199 est
1172 2159 1282 2208 mab,
1311 2166 1355 2200 θῖ
1387 2160 1500 2202 inter
1526 2174 1621 2214 per-

81 2227 407 2281 pendicularem
437 2229 683 2270 ducendam
715 2242 740 2269 a
772 2229 869 2270 loco
898 2228 1136 2278 fraccioniS‚
1159 2242 1244 2282 que
1271 2236 1338 2270 est
1369 2229 1438 2272 ad.
1502 2231 1620 2272 Nam

83 2298 203 2338 cadit
237 2298 279 2337 in
311 2311 469 2352 corpus
501 2299 612 2339 aeris
643 2297 699 2338 ad
732 2297 919 2353 angulos
952 2304 1106 2348 rectos,
1137 2305 1182 2339 et
1215 2299 1275 2339 sic
1311 2299 1624 2351 universaliter,

83 2368 261 2420 quando
287 2380 445 2421 corpus
476 2368 718 2408 secundum
752 2368 928 2409 densius
959 2375 1026 2409 est
1056 2367 1151 2409 alio.
1216 2368 1254 2408 E
1284 2382 1493 2411 converso
1519 2384 1622 2411 vero

83 2443 150 2478 est
182 2438 361 2490 quando
401 2450 558 2491 corpus
593 2438 836 2478 secundum
873 2444 937 2478 est
974 2437 1118 2488 rarius,
1158 2451 1259 2479 nam
1290 2445 1396 2481 tunc
1427 2440 1621 2481 incessus

26 2515 66 2537 20
85 2509 228 2550 rectus
248 2504 366 2545 cadit
388 2504 501 2546 inter
526 2504 927 2557 perpendicularem
950 2504 1199 2545 ducendam
1227 2520 1253 2547 a
1276 2505 1372 2547 loco
1395 2505 1621 2548 fraccionis

85 2579 129 2614 ct
162 2573 275 2614 inter
310 2574 452 2628 ipsam
494 2572 768 2625 fraccionem‚
809 2574 926 2614 unde
967 2575 1246 2616 ascendendo
1283 2576 1325 2616 in
1368 2577 1623 2630 corporibus

129 2703 150 2723 2
175 2691 322 2734 Eodem]
338 2692 380 2723 Et
394 2692 512 2723 eodem
525 2692 588 2723 FD
655 2692 703 2723 sic
720 2702 788 2724 om.
807 2692 841 2722 F
922 2702 941 2732 5
965 2693 1019 2726 alt.
1036 2693 1087 2736 in]
1105 2694 1139 2725 in
1153 2695 1350 2735 corporibus
1362 2695 1396 2726 D
1484 2697 1505 2727 8
1529 2697 1623 2738 cum]

87 2745 120 2776 in
138 2744 174 2775 D
275 2744 389 2786 lineis]
407 2745 506 2775 lineis
522 2745 586 2775 sibi
603 2745 637 2776 D
728 2755 764 2775 11
791 2744 827 2775 ef
840 2755 907 2776 om.
924 2745 958 2776 D
1049 2756 1088 2777 12
1112 2747 1170 2788 eb]
1189 2747 1233 2787 gb
1256 2748 1292 2778 D
1399 2757 1437 2788 15
1462 2749 1622 2791 haberet]

86 2797 188 2828 habet
204 2797 238 2828 F
305 2797 399 2839 mab]
417 2797 459 2829 ab
476 2797 539 2828 FD
646 2798 685 2827 16
708 2807 774 2837 que
792 2797 860 2838 est]
877 2808 944 2837 que
960 2798 995 2829 D
1087 2809 1124 2839 17
1150 2800 1407 2843 universaliter]
1424 2802 1625 2833 naturaliter

86 2848 128 2880 M
142 2861 149 2880 :
175 2855 226 2881 est
242 2849 306 2882 ins.
324 2850 358 2881 F
452 2850 492 2880 18
516 2849 560 2891 E]
579 2849 640 2881 Set
655 2860 674 2881 e
690 2849 724 2881 F
822 2860 904 2882 vero
922 2861 987 2883 om.
1007 2850 1042 2882 D
1143 2862 1182 2884 21
1208 2853 1428 2896 corporibus]
1445 2864 1572 2896 corpus
1589 2855 1624 2886 D
