1934 3152
152 567 277 599 21b2.

1054 93 1107 134 82

299 211 443 266 passio
474 217 518 252 et
540 210 578 252 ei
602 210 840 265 respondet
862 207 1069 262 potencia
1100 207 1276 262 passiva
1297 207 1474 262 proprie
1499 206 1633 258 dicta,
1657 207 1853 249 secundo

300 280 437 322 modo
460 294 562 331 non,
581 278 832 334 cujusmodi
858 285 924 319 est
938 278 1086 333 passio
1109 277 1343 331 cujuslibet
1365 277 1485 337 quod
1509 277 1554 317 in
1576 275 1765 318 salutem
1787 277 1853 318 sui

300 356 344 392 et
364 349 687 406 perfeccionem
710 354 1007 405 promovetur,
1025 348 1136 389 sicut
1159 347 1426 390 Aristoteles
1447 347 1573 402 ponit
1594 345 1852 402 exemplum

299 421 356 462 de
376 421 581 476 passione
609 434 760 461 sensus
788 425 989 474 respectu
1019 418 1235 459 sensibilis
1264 418 1579 460 convenientis.
1643 416 1725 459 Est
1747 430 1853 473 ergo

299 491 496 532 essencia
518 489 721 545 principii
745 488 987 530 materialis
1006 495 1051 531 et
1068 489 1265 530 essencia
1283 495 1326 530 et
1347 489 1566 543 potencia.
1630 487 1852 541 Esseneia,
1873 506 1891 539 5

296 567 430 616 prout
464 561 507 601 in
540 573 587 601 se
626 559 936 611 consideratur,
970 559 1176 615 potencia
1203 558 1208 614 Ι
1235 565 1367 614 prout
1399 559 1570 614 appetit
1602 558 1852 613 promoveri

297 636 341 672 et
373 630 535 686 perfici,
558 636 602 672 et
633 635 765 685 prout
797 635 864 671 est
893 630 1198 684 promovenda
1232 629 1275 670 in
1307 629 1644 685 perfeccionem.
1709 627 1768 669 Et
1803 634 1852 670 ut

295 707 360 741 est
383 701 588 755 potencia
613 700 831 749 ultimam,
854 706 920 742 est
942 700 1092 742 virtus.
1118 742 1120 744 ,
1145 699 1206 741 Et
1222 699 1423 741 similiter
1436 713 1536 742 cum
1555 700 1639 741 ista
1658 698 1852 741 essencia

294 771 493 825 principii
532 770 771 812 materialis
815 771 871 812 sit
905 770 1153 825 composita
1193 784 1251 812 ex
1275 784 1397 815 ‚vera
1438 770 1624 812 materia
1664 776 1708 811 et
1749 783 1852 811 vera

293 841 447 889 forma,
461 847 639 896 oportet
661 841 780 895 quod
798 840 1026 895 tripliciter
1042 841 1216 882 dicatur
1236 840 1441 895 potencia
1458 840 1652 891 materie,
1673 839 1850 891 scilicet,
1873 854 1914 876 10

295 910 371 952 illa
394 912 589 953 essencia
615 911 863 965 composita
886 910 1190 964 promovenda
1213 911 1256 952 in
1285 910 1520 952 terminum
1546 909 1851 966 generaciOnis

296 981 611 1035 compositum,
646 986 690 1022 et
724 981 920 1024 essencia
952 981 1092 1023 forme
1129 995 1209 1023 sue
1243 980 1547 1035 promovenda
1581 981 1624 1022 in
1660 981 1849 1022 formam

298 1051 534 1105 compositi
575 1051 832 1106 generandi,
875 1057 918 1093 et
961 1051 1160 1094 essencia
1203 1051 1386 1093 materie
1427 1064 1505 1092 sue
1545 1051 1850 1105 promovenda

295 1120 339 1161 in
366 1120 600 1163 materiam
623 1121 889 1175 specificam.
954 1122 1014 1162 Et
1035 1121 1119 1163 hee
1142 1127 1247 1163 sunt
1268 1127 1356 1163 tres
1384 1121 1571 1162 virtutes
1594 1121 1783 1163 latentes
1804 1120 1847 1161 in

295 1190 514 1232 materiali
557 1191 787 1246 principio,
829 1199 873 1234 et
915 1192 1122 1246 potencie
1160 1197 1204 1233 et
1246 1198 1414 1233 nature.
1482 1191 1614 1233 Unde
1652 1190 1849 1245 quelibet
1872 1203 1910 1235 Ι5

295 1260 470 1302 illarum
492 1268 676 1303 vocatur
706 1269 862 1304 natura
892 1268 936 1304 et
965 1262 1230 1317 principium
1260 1268 1408 1303 motus
1434 1261 1548 1303 intra
1577 1261 1672 1315 ejus
1693 1263 1737 1302 in
1759 1274 1849 1314 quo

294 1337 362 1372 est
395 1345 472 1385 per
504 1345 550 1373 se
581 1339 626 1373 et
657 1346 745 1374 non
778 1347 856 1387 per
887 1333 1107 1384 accidens,
1129 1339 1172 1374 et
1206 1338 1453 1386 potestates
1483 1338 1699 1373 vocantur
1727 1332 1848 1386 apud

296 1400 590 1456 Porphirium‚
613 1416 713 1444 cum
738 1403 844 1444 dicit
873 1404 993 1456 quod
1017 1416 1155 1456 genus
1187 1403 1385 1444 continet
1416 1401 1690 1444 differencias
1720 1408 1846 1456 pote-

292 1477 419 1512 state.
483 1471 692 1514 Essencia
714 1473 830 1514 enim
854 1473 1037 1515 materie
1059 1473 1200 1526 prime
1222 1478 1287 1514 est
1309 1486 1448 1527 genus
1470 1473 1698 1527 quoddam
1721 1472 1846 1527 cujus

292 1547 491 1595 potestas
513 1548 581 1582 est
602 1556 682 1584 sua
703 1543 897 1585 essencia
926 1544 1174 1597 composita
1204 1544 1508 1597 promovenda
1540 1543 1583 1583 in
1610 1548 1846 1597 utramque
1868 1560 1908 1581 20

290 1610 641 1653 differenciarum
671 1614 926 1662 successive,
947 1612 1017 1654 vel
1046 1619 1112 1654 est
1141 1626 1219 1654 sua
1248 1612 1453 1666 privacio‚
1482 1618 1532 1654 ut
1563 1612 1733 1653 dictum
1765 1618 1844 1653 est.

292 1679 353 1721 Et
366 1681 596 1723 Avicenna
613 1686 657 1723 2⁰
670 1682 950 1724 Plzz‘sicormn
964 1682 1045 1723 has
1062 1682 1292 1736 potencias
1304 1689 1437 1724 vocat
1453 1683 1639 1724 virtutes
1657 1688 1702 1723 et
1717 1682 1844 1725 vires.

291 1750 370 1792 Set
387 1751 697 1793 nichilominus
711 1752 1076 1794 considerandum
1095 1753 1214 1806 quod
1230 1752 1367 1794 virtus
1385 1759 1429 1794 et
1442 1752 1507 1792 vis
1522 1759 1565 1793 et
1580 1753 1786 1806 potencia
1801 1759 1844 1794 et

290 1826 487 1874 potestas
510 1827 555 1862 et
585 1829 740 1864 natura
767 1835 854 1863 uno
885 1823 1021 1863 modo
1054 1828 1157 1863 sunt
1187 1836 1213 1863 a
1236 1828 1361 1875 parte
1390 1821 1621 1864 efficientis
1643 1823 1842 1864 conside-

290 1891 426 1932 rande
449 1892 570 1945 quod
588 1891 720 1933 efficit
738 1893 965 1933 accionem
984 1898 1028 1933 et
1046 1897 1317 1933 transmutat
1333 1892 1596 1946 principium
1617 1892 1844 1934 materiale
1866 1908 1904 1940 25

290 1961 334 2001 in
370 1961 611 2002 terminum
648 1962 964 2016 generacionis.
1022 1962 1081 2003 Et
1120 1962 1203 2004 ista
1235 1968 1393 2003 natura
1434 1962 1504 2011 vel
1543 1962 1748 2015 potencia
1774 1962 1843 2004 vel

288 2030 428 2072 virtus
450 2045 679 2085 nunquam
703 2039 770 2074 est
794 2032 838 2073 in
861 2032 1078 2074 materiali
1102 2032 1334 2086 principio.
1414 2031 1488 2074 Sic
1509 2032 1625 2073 enim
1651 2031 1843 2074 efficiens

290 2107 333 2142 et
357 2101 542 2142 materia
571 2101 692 2144 nullo
723 2104 855 2144 modo
884 2102 1152 2151 coincidunt,
1174 2107 1223 2142 ut
1245 2101 1515 2143 Aristoteles
1538 2102 1643 2144 dicit
1667 2106 1711 2145 2⁰
1731 2101 1841 2144 Plzz'-

287 2173 491 2214 sicerum.

349 2242 410 2284 Et
432 2248 556 2296 patet
579 2242 676 2290 hoc,
700 2242 802 2296 quia
825 2241 957 2284 nichil
980 2256 1114 2283 unum
1138 2249 1182 2284 et
1205 2242 1320 2283 idem
1346 2248 1412 2283 est
1430 2249 1534 2284 actu
1557 2249 1602 2284 et
1624 2243 1841 2297 potencia,
1862 2256 1904 2288 30

288 2319 332 2354 et
354 2326 490 2366 agens
513 2319 556 2354 et
591 2314 775 2353 materia
799 2313 1042 2354 secundum
1066 2313 1210 2353 idem:
1246 2312 1350 2366 quia
1379 2313 1599 2354 contraria
1610 2325 1708 2354 -non
1740 2319 1841 2354 sunt

287 2381 329 2421 in
351 2383 524 2433 eodem,
547 2384 789 2424 secundum
815 2383 1000 2424 eandem
1020 2382 1253 2423 racionem.
1318 2381 1397 2423 Set
1415 2382 1613 2423 essencia
1637 2382 1841 2437 principii

334 2487 373 2516 18
396 2486 658 2528 Porphirium]
678 2496 706 2517 c.
727 2497 758 2517 2.
1033 2495 1074 2516 22
1097 2487 1295 2517 Avieenna
1312 2487 1350 2516 2⁰
1368 2483 1624 2526 Phisicorum]
1643 2489 1704 2516 not
1720 2484 1837 2516 found.

287 2538 329 2568 28
354 2541 392 2569 2⁰
407 2538 666 2579 Phisicorum]
684 2539 704 2569 l.
723 2539 757 2580 ii,
776 2549 803 2570 c.
820 2548 874 2579 30,
895 2548 949 2578 31.

332 2633 345 2653 1
374 2622 526 2664 passiva]
544 2623 680 2662 passive
697 2622 731 2652 F
817 2632 836 2652 2
861 2622 962 2653 modo
979 2632 1045 2652 om.
1067 2621 1102 2651 D
1191 2632 1210 2660 4
1236 2620 1296 2652 Est
1311 2620 1410 2660 ergo]
1430 2621 1472 2652 Et
1490 2620 1525 2651 D
1623 2622 1645 2651 6
1668 2620 1786 2662 prout]
1802 2625 1838 2652 ut

284 2674 350 2705 FD
451 2686 468 2714 7
496 2675 631 2716 perfici]
650 2675 735 2706 effici
753 2675 786 2705 F
879 2676 941 2714 7—8
967 2680 1003 2705 ut
1020 2699 1027 2706 .
1047 2699 1054 2706 .
1076 2698 1084 2705 .
1103 2673 1258 2705 similiter
1273 2685 1340 2705 om.
1360 2673 1425 2704 FD
1515 2684 1537 2713 9
1561 2684 1642 2704 vera
1658 2698 1665 2705 .
1688 2699 1694 2705 .
1712 2697 1720 2704 .
1740 2673 1836 2714 vera]

285 2737 351 2757 una
372 2751 377 2757 .
395 2751 402 2758 .
426 2751 431 2757 .
451 2738 517 2758 una
534 2727 569 2757 D
706 2738 746 2758 10
769 2726 964 2768 tripliciter]
983 2726 1106 2766 triplex
1123 2727 1158 2757 D
1284 2736 1322 2765 14
1347 2725 1558 2767 specificam]
1575 2727 1713 2757 termini
1729 2727 1837 2767 speci-

284 2781 381 2810 ficam
402 2780 466 2810 FD
557 2780 704 2812 latentes
722 2791 788 2810 om.
809 2780 875 2811 FD
965 2790 1006 2810 22
1031 2779 1227 2821 Avicenna]
1246 2778 1454 2810 Aristoteles
1472 2778 1537 2808 FD
1627 2789 1668 2819 23
1695 2779 1838 2810 nichilo-

283 2831 411 2873 minus]
429 2832 520 2864 illius
536 2833 571 2863 D
587 2844 668 2864 corr.
686 2833 721 2863 in
739 2843 847 2874 marg.
