1934 3152
153 762 252 794 1b2.

65 1526 102 1557 F.
119 1527 198 1568 841)
218 1535 244 1558 Ι.

1038 144 1066 180 4

275 260 537 302 determinat
559 260 641 301 nisi
663 257 966 301 conclusiones
995 269 1264 306 communes,
1286 255 1462 303 scilicet,
1486 255 1604 309 quod
1633 256 1824 297 mundus

275 336 341 372 est
372 329 602 384 perfectus,
639 335 683 370 et
714 329 833 382 quod
865 328 922 369 sit
955 327 1113 378 finitus,
1148 333 1193 368 et
1224 326 1345 380 quod
1377 325 1512 367 habet
1543 323 1824 368 differencias

276 400 519 454 posicionis,
540 398 719 447 scilicet,
743 399 948 440 dextrum
973 403 1018 438 et
1039 396 1275 447 sinistrum,
1298 402 1402 437 ante
1430 401 1475 437 et
1497 401 1625 445 retro,
1648 409 1820 447 sursum

275 476 319 512 et
332 471 551 518 deorsum,
569 475 612 510 et
629 469 749 522 quod
763 481 888 516 unus,
904 473 948 508 et
965 467 1085 520 quod
1104 465 1411 521 ingenerabilis
1428 470 1473 506 et
1491 465 1824 521 incoruptibilis,

276 546 320 582 et
351 540 469 594 quod
499 538 579 581 celi
609 546 653 580 et
681 537 807 579 stelle
838 543 883 578 et
912 536 1128 579 elementa
1156 542 1259 578 sunt
1289 535 1455 591 sperice
1487 535 1637 591 figure,
1659 542 1704 578 et
1735 536 1824 578 duo
1843 553 1862 585 5

275 616 421 650 motus
453 615 554 650 sunt
586 609 629 649 in
661 606 778 658 celis,
800 620 922 656 unus,
954 606 1132 655 scilicet,
1157 606 1214 647 ab
1246 605 1415 647 oriente
1447 605 1491 646 in
1523 605 1741 655 occidens,
1775 612 1823 647 ut

273 679 456 720 diurnus
489 679 531 719 in
564 678 707 731 primo
735 676 840 727 celo,
869 682 914 717 et
944 676 1055 718 alius
1080 677 1137 717 ab
1169 676 1399 718 occidente
1430 674 1474 716 in
1506 675 1665 725 oriens,
1698 682 1747 718 ut
1778 676 1822 717 in

273 748 472 803 planetis.
537 747 597 789 Et
637 746 841 801 adjungit
882 745 888 802 Ι
925 759 1173 788 sermonem
1215 746 1270 787 de
1307 745 1524 799 gravitate
1561 752 1606 788 et
1641 746 1822 788 levitate

272 817 603 866 elementorum,
645 823 688 858 et
728 816 810 858 hec
850 816 1001 857 omnia
1037 822 1140 857 sunt
1182 815 1456 857 universalia.
1532 815 1681 858 Nichil
1716 829 1820 858 vero

272 889 402 929 docet
419 888 461 928 in
485 886 739 941 particulari
769 887 825 928 de
846 886 1014 927 naturis
1036 885 1404 928 substancialibus
1430 885 1624 928 celorum
1647 893 1691 928 et
1714 886 1818 928 stel-
1842 904 1882 928 10

271 957 424 1009 larum,
466 970 609 1011 neque
651 957 707 998 de
747 957 986 998 virtutibus
1028 956 1189 1010 quibus
1231 962 1371 1010 agunt
1408 956 1451 997 in
1487 956 1568 997 hec
1603 955 1818 1007 inferiora,

270 1041 411 1082 neque
439 1027 494 1068 de
524 1034 681 1068 natura
709 1025 818 1069 lucis
848 1026 891 1067 in
918 1026 993 1077 eis,
1016 1032 1061 1067 et
1090 1026 1372 1068 obscuritatis
1401 1026 1643 1079 eclipsium,
1674 1039 1819 1080 neque

269 1098 325 1138 de
354 1097 564 1140 motubus
595 1096 830 1151 cujuslibet
861 1096 1040 1151 planete
1071 1096 1319 1151 cujusmodi
1351 1103 1464 1144 sunt,
1488 1102 1532 1137 et
1564 1103 1674 1150 quot
1702 1103 1817 1147 sunt,

267 1180 409 1220 neque
449 1165 661 1208 certificat
702 1167 758 1208 de
799 1166 1090 1220 contiguitate
1130 1165 1316 1217 orbium,
1357 1179 1499 1220 neque
1535 1166 1592 1208 de
1632 1179 1817 1208 numero

267 1250 433 1285 eorum,
471 1250 614 1290 neque
645 1236 701 1277 de
731 1235 966 1278 altitudine
999 1235 1194 1278 celorum
1229 1243 1274 1278 et
1304 1235 1546 1287 stellarum,
1577 1249 1722 1290 neque
1762 1237 1817 1278 de
1839 1254 1877 1288 15

265 1306 549 1360 spissitudine
589 1313 634 1348 et
686 1306 1002 1360 magnitudine,
1045 1313 1090 1348 et
1130 1306 1191 1346 sic
1235 1307 1291 1348 de
1341 1306 1436 1348 aliis
1479 1305 1816 1360 particularibus

266 1376 522 1418 veritatibus
545 1376 589 1417 in
612 1375 857 1418 celestibus.
921 1377 1080 1430 Neque
1102 1375 1317 1418 certificat
1344 1377 1400 1418 de
1422 1376 1621 1431 partibus
1644 1375 1814 1418 habita-

265 1445 427 1488 bilibus
442 1446 486 1487 in
502 1447 817 1501 magnitudine,
833 1445 988 1500 figura,
1002 1454 1046 1488 et
1059 1447 1158 1494 situ,
1172 1460 1315 1500 neque
1329 1448 1385 1488 de
1402 1445 1807 1501 complexionibus}

265 1530 442 1558 earum:
476 1530 619 1571 neque
648 1516 788 1558 eciam
808 1517 865 1558 de
891 1515 1259 1558 substancialibus
1281 1517 1448 1558 naturis
1476 1517 1810 1565 elementorum,

262 1599 404 1640 neque
436 1587 492 1627 de
523 1586 813 1640 qualitatibus
845 1600 1012 1639 eorum,
1040 1594 1088 1628 ut
1116 1594 1217 1628 sunt
1251 1593 1397 1641 partes
1430 1588 1611 1637 mundi3
1644 1601 1724 1629 nec
1756 1588 1811 1629 de
1834 1605 1874 1628 20

260 1656 498 1698 virtutibus
527 1663 572 1698 et
603 1656 854 1698 accionibus
882 1670 1048 1709 eorum,
1068 1670 1150 1698 nec
1179 1657 1234 1698 de
1265 1658 1474 1699 motubus
1503 1671 1655 1699 eorum
1685 1659 1811 1712 ponit

258 1726 423 1780 aliquid
455 1727 538 1768 nisi
572 1728 707 1768 verba
739 1727 1012 1775 universalia,
1035 1727 1213 1775 scilicet,
1236 1729 1356 1781 quod
1389 1728 1541 1782 gravia
1573 1735 1810 1770 moventur

259 1796 465 1838 deorsum
496 1804 541 1839 et
572 1797 685 1838 levia
715 1811 903 1847 sursum,
935 1804 980 1840 et
1012 1797 1295 1851 hujusmodi:
1341 1805 1385 1839 et
1416 1798 1478 1840 sic
1508 1799 1564 1840 de
1595 1798 1690 1840 aliis
1722 1813 1808 1854 que

260 1867 480 1920 pertinent
503 1868 558 1908 ad
589 1872 768 1909 naturas
800 1867 1119 1909 substanciales
1148 1875 1191 1909 et
1220 1868 1515 1909 accidentales
1545 1868 1740 1910 celorum
1763 1876 1807 1910 et

259 1935 589 1978 elementorum.
653 1936 713 1978 Et
735 1937 796 1978 sic
822 1943 888 1978 est
906 1937 994 1979 fere
1017 1938 1180 1992 ubique
1203 1938 1246 1979 in
1264 1937 1361 1978 aliis
1377 1937 1497 1979 libris
1518 1939 1803 1981 naturalibus.
1828 1956 1866 1989 25

261 2005 332 2047 Ita
353 2008 473 2060 quod
496 2007 598 2048 licet
622 2007 818 2048 maxime
839 2008 1153 2061 videturquod
1180 2008 1287 2049 liber
1307 2008 1375 2048 De
1396 2008 1680 2051 Animalibus
1701 2023 1805 2051 con-

260 2076 415 2117 tineret
438 2076 730 2130 particularia,
751 2084 900 2119 tamen
922 2084 1112 2119 testante
1136 2078 1276 2119 Plinio
1299 2079 1341 2118 in
1366 2078 1409 2118 8⁹
1431 2078 1543 2119 libro
1560 2079 1806 2121 Naturalis

259 2145 545 2200 Philosophia,
576 2146 843 2189 Aristoteles
886 2148 1134 2202 composuit
1166 2143 1222 2201 5o
1254 2148 1479 2190 volumina
1510 2148 1705 2203 preclara
1734 2149 1805 2191 De

258 2215 550 2268 Animalibus,
572 2223 616 2258 et
637 2217 678 2257 in
703 2216 867 2258 Latino
885 2231 971 2258 non
1003 2225 1105 2259 sunt
1136 2218 1217 2259 nisi
1240 2219 1394 2260 decem
1417 2226 1460 2260 et
1483 2232 1643 2260 novem
1666 2218 1801 2261 libelli

260 2285 442 2337 parvuli.
504 2286 624 2327 Nam
658 2286 797 2328 aliene
838 2288 1022 2328 sciencie
1065 2287 1186 2329 illum
1220 2302 1430 2343 magnum
1465 2295 1703 2330 tractatum
1733 2289 1802 2330 De
1823 2304 1864 2335 30

259 2354 542 2396 Animalibus
572 2357 819 2406 reservavit,
856 2357 967 2398 sicut
999 2364 1154 2411 postea
1186 2363 1450 2411 exponetur.
1514 2358 1574 2399 Et
1598 2365 1802 2418 preterea

260 2437 346 2464 non
378 2425 519 2466 solum
545 2432 788 2467 tractantur
820 2427 1069 2468 communia
1101 2428 1143 2468 in
1177 2427 1261 2468 illis
1293 2428 1414 2469 libris
1447 2427 1712 2479 Aristotelis,
1734 2436 1801 2471 set

302 2545 322 2575 3
346 2535 493 2578 scilicet]
511 2538 546 2568 in
562 2538 596 2569 F
672 2544 750 2570 ante
768 2539 819 2581 et]
837 2544 893 2570 aut
910 2540 944 2571 F
1046 2552 1065 2580 4
1092 2541 1348 2583 ingenerabilis]
1366 2542 1571 2582 generabilis
1584 2543 1617 2573 F
1721 2554 1741 2584 5
1765 2550 1800 2576 et

260 2588 368 2629 quod]
385 2594 418 2620 et
436 2591 526 2629 quod
543 2595 576 2621 et
592 2591 625 2622 F
759 2597 792 2622 et
810 2592 895 2632 duo]
913 2598 947 2623 et
964 2594 1055 2633 quod
1072 2594 1138 2625 duo
1156 2594 1221 2624 FD
1364 2596 1428 2635 6-7
1453 2600 1488 2626 ut
1506 2620 1512 2627 .
1533 2619 1540 2627 .
1560 2620 1568 2627 .
1587 2596 1662 2628 celo
1679 2607 1745 2630 om.
1767 2597 1800 2628 D

261 2650 278 2679 7
305 2641 419 2672 oriens
435 2647 472 2672 ut
488 2641 540 2683 in]
556 2643 683 2683 oriens,
700 2644 828 2684 primus
847 2645 984 2676 diurnus
1002 2650 1054 2677 est
1070 2646 1103 2676 in
1122 2646 1231 2686 primo
1249 2646 1332 2685 celo,
1349 2648 1517 2678 secundus
1536 2648 1568 2678 in
1581 2648 1617 2679 D
1692 2654 1729 2681 ut
1746 2650 1797 2692 in]

260 2692 292 2722 in
312 2692 344 2721 F
453 2703 557 2733 11—13
582 2705 694 2735 neque
712 2720 718 2726 .
740 2720 746 2727 .
767 2720 773 2727 .
795 2696 932 2736 planete
948 2697 1044 2728 iterat
1058 2698 1094 2728 D
1214 2708 1253 2728 12
1277 2699 1512 2740 obscuritatis]
1530 2701 1722 2733 obscuritas
1732 2701 1798 2733 FD

264 2754 300 2783 13
325 2745 496 2786 motubus]
514 2747 658 2778 motibus
674 2747 740 2778 FD
852 2758 893 2778 22
917 2749 1043 2789 aliquid
1059 2760 1125 2781 om.
1144 2750 1178 2781 F
1284 2761 1325 2790 25
1351 2751 1490 2793 ubique]
1509 2752 1747 2785 universaliter
1762 2754 1798 2785 D

259 2799 300 2826 26
314 2796 462 2838 videtur]
484 2799 659 2829 videretur
675 2799 708 2829 F
858 2803 963 2840 26-27
990 2801 1198 2844 contineret]
1216 2803 1370 2834 continet
1387 2804 1420 2834 F
1575 2815 1614 2844 27
1640 2805 1692 2847 8⁰]
1710 2810 1746 2845 4⁰
1762 2807 1797 2838 D

258 2858 301 2886 30
324 2848 450 2889 aliene]
468 2849 525 2880 alii
541 2850 603 2881 FD
694 2851 804 2893 illum]
821 2853 922 2884 alium
938 2853 972 2884 F
