1934 3152
189 239 289 270 5211.

106 1037 142 1067 F.
163 1036 286 1068 86a1.

1056 34 1105 73 16

311 151 504 194 essencia
539 151 700 192 dicitur
737 150 779 191 in
821 149 1025 204 potencia
1070 161 1164 189 esse
1205 147 1260 188 ad
1303 158 1463 199 aquarn
1507 143 1852 199 producendam,

313 228 356 262 et
394 227 459 262 est
492 219 754 274 principium
785 217 1011 259 materiale
1043 218 1086 258 in
1116 217 1120 269 l
1146 216 1436 270 generacione
1478 228 1595 268 aque>
1623 220 1667 254 et
1704 226 1851 255 corru-

310 290 469 344 pcione
496 296 622 330 terre.
688 288 747 328 Et
770 288 831 328 sic
855 287 897 326 in
921 286 1016 327 aliis
1041 287 1261 340 generatis
1286 299 1365 339 per
1387 279 1615 340 nat-uram)
1667 282 1717 325 Si
1747 295 1852 325 vero

309 359 405 400 aliis
439 359 581 400 modis
613 358 785 399 dicatur
817 356 1012 404 materia,
1044 356 1214 410 patebit
1249 355 1427 396 inferius
1463 360 1529 395 set
1566 353 1772 408 precipue
1809 352 1853 393 in

310 428 651 483 Methaphisica,
674 433 717 468 et
738 426 818 467 hec
841 425 989 466 omnia
1012 425 1151 479 magis
1174 425 1216 466 in
1240 425 1345 466 locis
1363 424 1551 479 propriis
1565 422 1852 478 effulgebunt.
1871 440 1888 472 5

365 583 602 624 Disliuctio
645 588 701 623 2³.
793 581 844 621 de
884 595 930 622 eo
965 581 1080 634 qnod
1112 579 1178 635 fit
1223 581 1275 622 ab
1315 587 1468 635 agente
1508 581 1555 621 in
1603 580 1852 621 materiam.

312 652 560 706 Capitulum
586 651 798 706 primum.

368 750 537 791 Habito
558 748 677 802 quod
700 748 789 788 duo
811 747 1049 800 exigantur
1070 747 1125 787 ad
1150 760 1292 787 rerum
1308 745 1852 799 p1·oduccionem,scilicet‚

306 819 498 861 efficiens
544 824 589 859 et
630 817 826 866 materia,
868 830 984 857 nunc
1025 813 1356 870 procedendum
1399 822 1466 858 est
1506 816 1619 857 circa
1660 815 1853 857 efficiens

305 895 521 943 quantum
543 888 614 928 hic
641 887 885 941 requiritur,
907 887 1009 941 quia
1043 886 1338 941 Metaphisica
1365 886 1499 928 habet
1525 885 1773 928 certificare·
1793 887 1851 928 ad
1874 903 1915 925 10

305 959 486 1014 plenum
519 958 574 999 de
606 957 839 999 influencia
870 957 1100 1011 agencium
1134 956 1176 997 in
1208 956 1445 1010 paciencia,
1472 969 1525 997 eo
1556 957 1677 1010 quod
1708 956 1853 998 omnis

307 1029 511 1084 operacio
534 1028 577 1069 in
598 1040 777 1069 sensum
804 1033 848 1068 et
866 1027 1139 1068 intellectum
1169 1024 1175 1081 Ι
1203 1033 1247 1068 et
1270 1027 1500 1068 materiam
1524 1026 1677 1068 mundi
1699 1026 1750 1068 fit
1775 1040 1853 1082 per

306 1098 560 1153 hujusmodi
583 1097 848 1149 influencias,
875 1097 1053 1148 scilicet,
1076 1097 1297 1152 predictas
1327 1111 1415 1152 que
1436 1103 1652 1139 vocantur
1672 1098 1851 1152 species,

306 1176 350 1210 et
373 1169 472 1210 ideo
494 1169 643 1210 omnia
663 1167 960 1209 certificantur
982 1182 1059 1222 per
1082 1181 1168 1218 eaS‚
1191 1175 1375 1222 propter
1397 1169 1518 1222 quod
1539 1168 1595 1208 ad
1619 1168 1850 1210 scienciam

305 1238 597 1280 universalem
615 1244 659 1279 et
681 1251 964 1279 communem
978 1237 1184 1279 omnibus
1201 1239 1391 1291 pertinet
1407 1239 1464 1280 de
1481 1238 1733 1292 hujusmodi
1751 1252 1849 1292 per·
1873 1249 1911 1282 15

307 1315 495 1350 tractare
522 1308 765 1349 secundum
797 1307 1117 1361 plenitudinem
1153 1309 1398 1362 potestatis.
1463 1308 1669 1350 Efficiens
1701 1316 1850 1351 autem

307 1378 497 1419 intendit
528 1390 702 1431 semper
727 1377 811 1419 sibi
843 1377 1076 1418 assimilari
1105 1378 1280 1432 paciens
1306 1384 1349 1419 et
1383 1379 1641 1427 materiam3
1671 1385 1852 1433 propter

306 1448 390 1488 hoc
405 1447 521 1488 enim
543 1446 647 1499 agit,
664 1460 752 1488 non
776 1447 893 1488 enim
908 1454 1056 1501 potest
1077 1447 1306 1489 diversitas
1324 1448 1459 1489 creari
1482 1448 1563 1489 nisi
1585 1449 1851 1502 precedente

305 1517 616 1571 ydemptitate,
649 1531 791 1571 neque
829 1517 1068 1558 multitudo
1098 1523 1270 1558 creatur
1299 1517 1380 1558 nisi
1407 1518 1463 1558 ab
1493 1517 1675 1560 unitate.
1739 1518 1849 1559 Ideo

306 1587 341 1627 si
375 1587 453 1628 lux
485 1593 664 1640 generat
697 1586 884 1628 calorem
916 1587 959 1627 in
991 1600 1102 1637 aere,
1131 1593 1308 1641 oportet
1339 1588 1460 1641 quod
1492 1588 1636 1642 primo
1667 1593 1850 1643 generet
1871 1601 1912 1624 20

306 1656 460 1705 lucem,
484 1662 526 1697 et
559 1656 670 1710 ignis
698 1656 733 1697 si
767 1663 955 1698 mortem
984 1656 1165 1708 inducit,
1185 1663 1363 1710 oportet
1392 1658 1510 1711 quod
1533 1658 1677 1712 primo
1699 1658 1847 1711 ignem

307 1725 436 1766 faciat
478 1726 519 1767 in
563 1740 614 1767 eo
657 1726 731 1780 qui
775 1726 906 1767 morti
948 1727 1211 1768 subcumbit.
1276 1726 1447 1768 Primus
1488 1728 1622 1781 igitur
1664 1726 1849 1770 effectus

307 1794 477 1848 agentis
528 1802 593 1837 est
645 1795 786 1837 simile
828 1809 1053 1850 generare,
1092 1802 1140 1837 ut
1191 1796 1271 1836 lux
1321 1796 1425 1838 facit
1476 1797 1632 1849 lucem,
1679 1804 1723 1839 et
1768 1797 1848 1839 hec

306 1864 533 1916 generacio
559 1871 742 1906 vocatur
764 1866 961 1914 univoca,
985 1866 1087 1918 quia
1110 1880 1194 1906 una
1216 1871 1374 1907 natura
1402 1866 1557 1907 similis
1582 1866 1776 1908 salvatur
1804 1868 1847 1909 in

306 1940 541 1987 generante
563 1942 605 1976 et
629 1941 850 1989 generato.
915 1935 1145 1977 Secundus
1167 1934 1348 1977 effectus
1371 1942 1437 1977 est
1459 1936 1668 1986 diversus,
1691 1944 1739 1978 ut
1768 1937 1848 1978 lux
1869 1952 1907 1984 25

305 2004 407 2044 facit
448 2004 651 2055 calorem,
694 2012 737 2046 et
779 2005 859 2046 hec
899 2006 1130 2060 generacio
1178 2012 1358 2047 vocatur
1409 2001 1620 2060 equ‘ivoca
1667 2012 1848 2060 propter

305 2073 602 2115 diversitatem
627 2074 740 2115 inter
760 2088 972 2128 generans
994 2081 1038 2116 et
1059 2063 1330 2128 generatum.

365 2142 434 2182 De
470 2143 624 2185 effectu
663 2144 796 2198 igitur
837 2145 979 2197 primo
1021 2158 1135 2185 nunc
1169 2150 1235 2185 est
1272 2145 1507 2186 dicendum
1548 2145 1624 2199 qui
1665 2152 1846 2187 vocatur

304 2211 455 2252 Virtus
474 2213 727 2267 Agentis‚et
742 2213 1059 2267 Similitudo‚et
1070 2213 1514 2269 Species‚etYmago,
1529 2222 1573 2257 et
1589 2215 1736 2257 multis
1749 2214 1846 2256 aliis

305 2282 565 2332 nominibus,
602 2290 649 2324 ut
681 2284 723 2324 in
762 2284 1092 2338 methaphisicis
1123 2285 1347 2336 edocetur,
1379 2292 1428 2326 ut
1460 2284 1537 2325 lux
1571 2285 1618 2339 in
1644 2298 1744 2326 aere
1776 2291 1844 2326 est
1867 2298 1907 2329 30

305 2351 544 2392 similitudo
558 2352 663 2393 lucis
681 2353 723 2393 in
739 2353 830 2394 sole
844 2354 912 2395 vel
930 2353 1068 2395 stella.
1112 2352 1289 2407 Species
1308 2355 1423 2395 enim
1438 2354 1544 2395 lucis
1561 2360 1627 2395 est
1649 2353 1844 2404 visibilis,

221 2451 229 2460 ι
259 2440 273 2460 2
306 2426 370 2459 set
402 2420 485 2460 alie
518 2422 683 2475 species
719 2437 861 2463 rerum
900 2437 987 2464 non
1023 2424 1224 2465 videntur
1257 2424 1335 2465 nisi
1364 2423 1369 2478 Ι
1397 2423 1542 2477 aliqua
1571 2423 1614 2464 in
1645 2436 1759 2471 casu,
1795 2430 1844 2465 ut

306 2489 472 2540 species
513 2490 669 2531 coloris
711 2492 834 2533 fortis
872 2492 914 2532 in
954 2493 1067 2534 vitro
1109 2499 1153 2533 et
1195 2492 1399 2541 cristallo,
1436 2493 1504 2534 vel
1542 2506 1689 2547 panno
1730 2493 1843 2534 bene

352 2603 372 2631 6
395 2603 452 2643 eo]
471 2604 589 2634 eodem
608 2604 643 2634 D
731 2606 751 2635 8
775 2606 973 2647 exigantur]
992 2606 1176 2646 exiguntur
1189 2606 1254 2637 FD
1345 2617 1380 2638 11
1408 2606 1460 2648 in]
1478 2605 1558 2637 etD
1649 2615 1688 2645 13
1713 2606 1844 2637 scilicet

308 2665 374 2684 (1111.
387 2654 419 2683 F
505 2665 542 2694 15
568 2657 795 2698 pertractare]
814 2662 959 2689 tractare
975 2658 1038 2688 FD
1130 2669 1166 2698 17
1192 2658 1345 2700 semper]
1361 2664 1504 2699 propter
1520 2658 1561 2689 M
1647 2668 1690 2689 20
1714 2657 1841 2699 primo]

306 2706 399 2745 prius
416 2706 479 2736 FD
621 2719 662 2738 22
687 2709 761 2750 qui]
779 2711 868 2749 quod
886 2710 920 2739 D
1009 2711 1217 2752 subcumbit]
1235 2711 1422 2742 succumbit
1438 2710 1503 2741 FD
1650 2721 1692 2751 23
1716 2710 1842 2752 simile]

306 2757 366 2788 sibi
384 2758 492 2789 simile
509 2759 573 2789 FD
704 2772 744 2801 25
768 2763 973 2804 generante]
993 2764 1222 2802 generacione
1240 2763 1275 2794 D
