1934 3152
831 132 885 175 25

85 236 161 278 sed
195 236 335 291 majus
361 243 406 278 et
436 237 589 287 minus,
612 246 656 280 et
685 239 865 281 diversis
894 241 1049 282 modis.
1111 240 1244 283 Unde
1273 239 1427 281 raritas
1449 247 1514 282 est
1537 240 1622 281 dis-

85 306 251 358 posicio
273 307 467 360 corporis
488 308 691 349 absolute
714 311 954 350 secundum
978 324 1037 361 se,
1052 316 1096 351 et
1118 323 1206 351 non
1230 316 1426 364 respectu
1450 311 1621 363 speciei,

84 388 163 416 nec
189 383 387 429 respectu
413 390 577 418 sensus.
641 377 718 419 Set
741 380 889 420 omnia
910 379 993 421 alia
1014 380 1167 421 dicunt
1188 386 1390 420 naturam
1414 379 1497 420 rari
1521 393 1620 420 cum

82 446 417 498 comparacione
443 447 498 487 ad
526 448 718 499 speciem
741 462 890 489 sensus
907 449 948 489 in
976 449 1266 498 sensibilibus,
1285 449 1401 490 unde
1423 450 1621 502 pervium

45 514 189 561 5dicit
226 514 471 557 naturalem
508 523 718 570 tanquam
757 518 871 559 viam
917 533 994 572 per
1034 519 1156 573 cujus
1192 519 1387 560 medium
1428 526 1621 560 transeat

81 585 249 638 species
282 592 327 626 et
357 585 419 626 sic
449 586 505 626 de
536 585 632 626 aliis
664 587 1000 641 intelligendum
1032 596 1110 638 est,
1132 595 1180 630 ut
1210 602 1268 630 ex
1300 588 1623 643 Methaplcisz'ca

80 653 251 708 plenius
273 655 516 697 innotescit.
547 654 552 712 Ι

141 722 519 766 Considerandum
561 727 699 768 eciam
745 729 864 782 quod
907 729 1026 770 aliud
1072 736 1139 771 est
1183 728 1373 770 solidum
1415 734 1459 769 et
1499 727 1617 769 aliud

79 793 280 844 densum,
318 808 420 836 nam
456 796 643 838 solidum
674 804 740 839 est
774 799 945 850 durum,
978 800 1066 841 sive
1101 800 1157 840 sit
1197 801 1383 840 densum
1421 805 1468 840 ut
1504 805 1620 840 terra

23 875 62 898 10
80 868 124 904 et
147 863 348 916 parietes,
370 865 459 906 sive
488 867 766 921 perspicuum
795 874 843 909 ut
871 869 1088 910 cristallus
1116 875 1160 910 et
1187 870 1348 910 vitrum
1375 876 1420 910 et
1444 882 1620 923 gemme

78 931 225 986 alique
248 935 577 977 translucentes.
641 937 840 979 Densum
867 946 1014 980 autem
1038 940 1196 981 dicitur
1220 944 1402 992 propter
1423 938 1618 992 parcium

78 1004 449 1056 compaccionem‚
476 1012 523 1046 ut
554 1006 820 1060 impediatur
850 1009 1058 1050 transitus
1090 1009 1247 1063 speciei
1278 1008 1506 1057 sensibilis,
1528 1008 1619 1049 sive

79 1071 136 1112 sit
164 1072 323 1113 durum
353 1080 401 1114 ut
429 1075 571 1128 paries
604 1077 857 1128 desiccatus,
883 1078 975 1119 sive
1002 1079 1059 1119 sit
1089 1079 1221 1120 molle
1244 1085 1291 1120 ut
1313 1078 1453 1132 paries
1475 1078 1617 1120 factus

79 1156 136 1182 ex
169 1141 263 1183 luto
295 1157 410 1185 novo
443 1151 487 1186 et
519 1145 652 1186 molli.
731 1146 792 1188 Et
823 1148 936 1189 inter
966 1148 1149 1189 omnino
1181 1162 1275 1189 rara
1306 1156 1350 1190 et
1382 1149 1519 1189 densa
1550 1155 1617 1189 est

21 1224 58 1255 15
77 1224 192 1264 aqua
234 1213 440 1261 medium,
483 1214 586 1267 quia
626 1215 950 1269 aliquantulum
1004 1224 1070 1259 est
1121 1218 1320 1267 densum,
1371 1224 1414 1259 et
1466 1226 1615 1259 tamen

78 1281 411 1333 quodammodo
442 1285 653 1338 pervium,
683 1292 726 1327 et
758 1286 955 1328 similiter
985 1294 1129 1329 cetera
1161 1288 1204 1328 in
1237 1288 1395 1341 quibus
1429 1288 1616 1329 multum

76 1349 307 1392 habundat
340 1366 468 1406 aqua,
500 1360 548 1395 ut
583 1355 732 1396 vinum
770 1362 815 1397 et
850 1357 997 1398 lexiva
1034 1363 1078 1399 et
1111 1358 1235 1398 urina
1271 1364 1315 1399 et
1350 1357 1617 1411 hujusmodi,

76 1420 187 1461 sicut
207 1421 381 1473 vitrum,
403 1424 632 1476 cristallus,
655 1432 698 1467 et
724 1426 987 1480 hujusmodi,
1014 1440 1100 1482 que
1128 1434 1230 1469 sunt
1256 1427 1460 1469 densiora
1483 1428 1616 1469 sensi-

76 1489 219 1530 biliter
249 1504 381 1544 quam
411 1507 496 1542 aer,
519 1500 563 1535 et
591 1501 739 1537 tamen
769 1510 865 1537 rara
891 1503 992 1539 sunt
1025 1503 1225 1551 respectu
1252 1504 1376 1549 terre,
1403 1497 1506 1551 quia
1538 1512 1617 1552 per

18 1577 58 1599 20
79 1559 275 1600 medium
299 1575 451 1603 eorum
473 1563 687 1606 videmus.

135 1628 240 1671 Post
262 1630 342 1671 hec
368 1632 606 1686 sciendum,
628 1637 747 1688 quod
771 1637 1086 1691 multiplicacio
1108 1637 1268 1691 speciei
1291 1637 1340 1678 fit
1372 1638 1614 1679 secundum

75 1697 212 1740 lineas
248 1706 400 1754 rectas,
431 1703 537 1744 dum
575 1706 769 1747 medium
806 1713 871 1748 est
909 1709 1034 1748 unius
1070 1714 1235 1759 nature,
1271 1707 1382 1748 sicut
1413 1708 1617 1750 locuntur

74 1768 338 1823 philosophi,
370 1778 437 1813 set
468 1773 539 1814 hic
570 1780 726 1816 natura
757 1789 845 1817 non
875 1784 1057 1818 vocatur
1093 1777 1297 1831 specifica
1333 1784 1499 1828 natura,
1531 1793 1616 1832 que

75 1851 166 1878 rem
194 1840 420 1882 constituit
452 1842 494 1882 in
523 1857 616 1884 esse
648 1845 861 1898 specifioe,
885 1852 950 1887 set
971 1853 1148 1888 vocatur
1170 1847 1325 1888 raritas
1347 1854 1391 1888 et
1417 1847 1617 1901 dyapha—

15 1923 53 1954 25
74 1907 214 1949 neitas
236 1915 280 1950 et
301 1909 553 1964 hujusmodi
575 1918 618 1953 et
646 1913 838 1956 densitas
859 1929 868 1967 3
899 1916 1016 1957 unde
1038 1923 1192 1957 natura
1218 1917 1301 1957 rari
1331 1923 1374 1958 et
1396 1917 1519 1958 densi
1547 1916 1615 1957 hic

75 1976 332 2032 intelligitur
365 1994 443 2033 per
479 1994 611 2034 quam
653 1997 837 2038 corpora
874 1984 1092 2026 differunt.
1154 1985 1335 2039 Species
1371 2000 1476 2040 ergo
1507 1987 1614 2027 dum

73 2052 140 2086 est
158 2047 201 2087 in
216 2060 398 2101 corpore
414 2051 541 2092 unius
559 2052 919 2106 dyaphaneitatis
937 2068 1024 2095 non
1043 2062 1185 2096 mutat
1200 2056 1414 2097 incessum
1434 2063 1615 2101 rectum,

73 2116 174 2169 quia
197 2124 351 2159 natura
379 2127 587 2173 operatur
609 2121 794 2163 breviori
818 2124 952 2164 modo
981 2138 1072 2178 quo
1098 2132 1258 2178 potest,
1281 2131 1329 2166 ut
1350 2126 1615 2167 Aristoteles

73 2186 178 2227 dicit
196 2192 242 2241 5⁰
255 2187 541 2242 Phi-vicorum,
560 2198 605 2233 et
623 2191 786 2233 ibidem
804 2193 910 2234 dicit
927 2195 1047 2248 quod
1063 2193 1177 2236 linea
1195 2201 1309 2237 recta
1327 2202 1393 2236 est
1415 2197 1612 2236 omnium

114 2315 158 2346 29
180 2308 219 2337 5⁰
235 2307 492 2350 Phisieorum]
511 2308 687 2341 Averroes
702 2310 736 2342 in
754 2321 839 2344 com.
856 2322 897 2351 24
917 2312 1013 2353 ‘quia
1029 2312 1168 2344 minima
1184 2313 1274 2346 linea
1289 2315 1426 2346 inducta
1443 2315 1531 2346 inter
1547 2316 1614 2346 duo

71 2362 197 2398 puncta
213 2364 267 2390 est
283 2360 398 2391 recta.'

117 2473 131 2495 1
159 2465 238 2507 sed]
256 2467 443 2498 secundum
455 2467 520 2498 FD
587 2468 687 2500 Unde
704 2479 772 2502 om.
786 2469 821 2501 D
898 2481 918 2502 2
942 2482 1010 2503 non
1024 2483 1090 2504 om.
1104 2472 1139 2503 D
1217 2483 1237 2512 3
1262 2473 1393 2515 dicunt]
1412 2474 1614 2506 dicunturD

71 2527 90 2555 4
108 2516 145 2547 in
160 2518 393 2561 sensibilibus]
408 2520 625 2551 et-sensibilis
634 2521 698 2552 FD
785 2532 805 2562 5
829 2524 1033 2566 naturalem]
1047 2525 1250 2557 naturaliter
1265 2526 1320 2557 D:
1336 2527 1573 2559 universaliter
1585 2529 1618 2559 F

71 2568 181 2610 cujus]
199 2579 265 2609 qua
280 2581 404 2611 corpus
420 2572 456 2603 D
640 2575 661 2604 6
684 2575 836 2617 species]
854 2577 988 2616 species
1005 2577 1091 2609 lucis
1106 2578 1142 2609 D
1331 2579 1351 2609 8
1376 2579 1498 2622 eciam]
1515 2585 1568 2612 est
1585 2581 1618 2612 F

73 2630 114 2651 10
137 2622 303 2664 parietes]
322 2625 470 2663 parietes
487 2625 741 2657 translucentes
757 2627 791 2657 F
880 2628 971 2670 sive]
992 2628 1065 2660 sive
1083 2630 1126 2660 sit
1142 2630 1177 2660 D
1301 2641 1338 2662 11
1364 2631 1476 2672 alique
1493 2643 1559 2666 om.
1577 2633 1612 2664 D

74 2683 112 2703 12
136 2675 325 2716 sensibilis]
343 2677 517 2708 sensibilis
533 2678 683 2709 hominis
699 2679 733 2709 F
910 2681 990 2712 haec
1003 2682 1099 2713 verba
1115 2682 1191 2715 add.
1210 2682 1253 2713 M
1266 2684 1308 2714 ad
1326 2684 1470 2715 densum
1488 2686 1607 2717 durum

74 2726 113 2755 18
136 2726 223 2758 sicut
239 2728 379 2770 vitrum]
397 2729 553 2762 similiter
568 2731 702 2771 vitrum,
722 2736 754 2763 et
771 2732 834 2762 FD
948 2743 988 2774 19
1011 2740 1090 2766 sunt
1106 2745 1172 2767 om.
1190 2735 1226 2765 D
1329 2746 1368 2767 21
1396 2737 1476 2779 hec]
1494 2739 1560 2770 hoc
1578 2739 1612 2770 D

73 2779 281 2821 secundum]
299 2790 361 2820 per
376 2780 412 2811 D
536 2792 578 2821 23
601 2782 671 2824 hie]
690 2784 740 2815 sic
757 2784 792 2814 D
902 2796 945 2826 24
970 2787 1234 2829 dyaphaneitas]
1254 2789 1505 2829 dyaphoneitas
1523 2791 1606 2822 Mss.

71 2833 114 2863 26
131 2843 272 2875 corpora
282 2845 349 2868 om.
364 2836 398 2867 F
450 2836 550 2880 ergo]
565 2838 668 2879 igitur
679 2838 730 2870 F:
742 2849 807 2872 om.
823 2839 858 2871 D
917 2851 958 2881 27
977 2842 1270 2886 dyaphaneitatis]
1285 2844 1565 2886 diaphoneytatis
1576 2846 1611 2877 D

1639 734 1742 774 7121.
