<?xml version="1.0" encoding="UTF-8"?>
<!DOCTYPE html PUBLIC "-//W3C//DTD XHTML 1.0 Transitional//EN"
    "http://www.w3.org/TR/xhtml1/DTD/xhtml1-transitional.dtd">
<html xmlns="http://www.w3.org/1999/xhtml" xml:lang="en" lang="en">
 <head>
  <title>
</title>
<meta http-equiv="Content-Type" content="text/html;charset=utf-8" />
  <meta name='ocr-system' content='tesseract 3.04.00' />
  <meta name='ocr-capabilities' content='ocr_page ocr_carea ocr_par ocr_line ocrx_word'/>
</head>
<body>
  <div class='ocr_page' id='page_1' title='image "./operahactenusine02baco_0067.png"; bbox 0 0 1934 3152; ppageno 0'>
   <div class='ocr_carea' id='block_1_1' title="bbox 818 164 874 209">
    <p class='ocr_par' dir='ltr' id='par_1_1' title="bbox 818 164 874 209">
     <span class='ocr_line' id='line_1_1' title="bbox 818 164 874 209; baseline 0 0"><span class='ocrx_word' id='word_1_1' title='bbox 818 164 874 209; x_wconf 81' lang='lat'>53</span> 
     </span>
    </p>
   </div>
   <div class='ocr_carea' id='block_1_2' title="bbox 17 268 1755 2480">
    <p class='ocr_par' dir='ltr' id='par_1_2' title="bbox 17 268 1755 2480">
     <span class='ocr_line' id='line_1_2' title="bbox 81 268 1616 323; baseline 0 -13"><span class='ocrx_word' id='word_1_2' title='bbox 81 282 237 323; x_wconf 90' lang='lat' dir='ltr'>corpus</span> <span class='ocrx_word' id='word_1_3' title='bbox 264 268 528 317; x_wconf 81' lang='lat' dir='ltr'>substancia,</span> <span class='ocrx_word' id='word_1_4' title='bbox 555 274 599 310; x_wconf 90' lang='lat' dir='ltr'>et</span> <span class='ocrx_word' id='word_1_5' title='bbox 628 268 784 320; x_wconf 89' lang='lat' dir='ltr'>celum,</span> <span class='ocrx_word' id='word_1_6' title='bbox 815 275 859 312; x_wconf 90' lang='lat' dir='ltr'>et</span> <span class='ocrx_word' id='word_1_7' title='bbox 889 269 1165 322; x_wconf 88' lang='lat' dir='ltr'>elementum,</span> <span class='ocrx_word' id='word_1_8' title='bbox 1189 275 1234 312; x_wconf 91' lang='lat' dir='ltr'>et</span> <span class='ocrx_word' id='word_1_9' title='bbox 1264 269 1467 320; x_wconf 83' lang='lat' dir='ltr'>mixtum,</span> <span class='ocrx_word' id='word_1_10' title='bbox 1490 275 1534 311; x_wconf 94' lang='lat' dir='ltr'>et</span> <span class='ocrx_word' id='word_1_11' title='bbox 1557 269 1616 310; x_wconf 87' lang='lat' dir='ltr'>sic</span> 
     </span>
     <span class='ocr_line' id='line_1_3' title="bbox 81 337 1617 395; baseline 0 -16"><span class='ocrx_word' id='word_1_12' title='bbox 81 338 137 379; x_wconf 91' lang='lat' dir='ltr'>de</span> <span class='ocrx_word' id='word_1_13' title='bbox 167 338 383 379; x_wconf 88' lang='lat' dir='ltr'>omnibus.</span> <span class='ocrx_word' id='word_1_14' title='bbox 448 337 546 379; x_wconf 90' lang='lat' dir='ltr'>Hoc</span> <span class='ocrx_word' id='word_1_15' title='bbox 576 344 723 380; x_wconf 87' lang='lat' dir='ltr'>autem</span> <span class='ocrx_word' id='word_1_16' title='bbox 754 345 820 381; x_wconf 89' lang='lat' dir='ltr'>est</span> <span class='ocrx_word' id='word_1_17' title='bbox 848 340 1154 395; x_wconf 90' lang='lat' dir='ltr'>compositum,</span> <span class='ocrx_word' id='word_1_18' title='bbox 1182 339 1284 394; x_wconf 89' lang='lat' dir='ltr'>quia</span> <span class='ocrx_word' id='word_1_19' title='bbox 1311 339 1502 392; x_wconf 85' lang='lat' dir='ltr'><strong>simplex</strong></span> <span class='ocrx_word' id='word_1_20' title='bbox 1531 352 1617 380; x_wconf 91' lang='lat' dir='ltr'>non</span> 
     </span>
     <span class='ocr_line' id='line_1_4' title="bbox 82 408 1617 462; baseline -0.001 -13"><span class='ocrx_word' id='word_1_21' title='bbox 82 408 331 461; x_wconf 86' lang='lat' dir='ltr'>predicatur</span> <span class='ocrx_word' id='word_1_22' title='bbox 367 408 423 449; x_wconf 92' lang='lat' dir='ltr'>de</span> <span class='ocrx_word' id='word_1_23' title='bbox 459 408 718 461; x_wconf 89' lang='lat' dir='ltr'>compositis</span> <span class='ocrx_word' id='word_1_24' title='bbox 753 409 1055 462; x_wconf 83' lang='lat' dir='ltr'>predicacione</span> <span class='ocrx_word' id='word_1_25' title='bbox 1088 408 1258 451; x_wconf 89' lang='lat' dir='ltr'>formali</span> <span class='ocrx_word' id='word_1_26' title='bbox 1295 414 1338 450; x_wconf 92' lang='lat' dir='ltr'>et</span> <span class='ocrx_word' id='word_1_27' title='bbox 1372 408 1617 450; x_wconf 79' lang='lat' dir='ltr'>inherencie</span> 
     </span>
     <span class='ocr_line' id='line_1_5' title="bbox 80 476 1617 533; baseline -0.001 -15"><span class='ocrx_word' id='word_1_28' title='bbox 80 484 126 519; x_wconf 90' lang='lat' dir='ltr'>et</span> <span class='ocrx_word' id='word_1_29' title='bbox 174 477 218 518; x_wconf 93' lang='lat' dir='ltr'>in</span> <span class='ocrx_word' id='word_1_30' title='bbox 264 476 578 529; x_wconf 85' lang='lat' dir='ltr'>abstraccione,</span> <span class='ocrx_word' id='word_1_31' title='bbox 618 483 685 519; x_wconf 92' lang='lat' dir='ltr'>set</span> <span class='ocrx_word' id='word_1_32' title='bbox 733 478 983 520; x_wconf 80' lang='lat' dir='ltr'>substancia</span> <span class='ocrx_word' id='word_1_33' title='bbox 1022 479 1272 533; x_wconf 85' lang='lat' dir='ltr'>predicatur</span> <span class='ocrx_word' id='word_1_34' title='bbox 1313 478 1369 519; x_wconf 92' lang='lat' dir='ltr'>de</span> <span class='ocrx_word' id='word_1_35' title='bbox 1413 477 1617 518; x_wconf 87' lang='lat' dir='ltr'>omnibus</span> 
     </span>
     <span class='ocr_line' id='line_1_6' title="bbox 44 546 1615 601; baseline -0.001 -12"><span class='ocrx_word' id='word_1_36' title='bbox 44 567 61 598; x_wconf 79' lang='lat'>5</span> <span class='ocrx_word' id='word_1_37' title='bbox 79 547 336 601; x_wconf 88' lang='lat' dir='ltr'>compositis</span> <span class='ocrx_word' id='word_1_38' title='bbox 353 547 657 600; x_wconf 89' lang='lat' dir='ltr'>predicacione</span> <span class='ocrx_word' id='word_1_39' title='bbox 672 546 843 588; x_wconf 87' lang='lat' dir='ltr'>formali</span> <span class='ocrx_word' id='word_1_40' title='bbox 863 554 907 589; x_wconf 94' lang='lat' dir='ltr'>et</span> <span class='ocrx_word' id='word_1_41' title='bbox 925 548 1171 590; x_wconf 92' lang='lat' dir='ltr'>inherencie</span> <span class='ocrx_word' id='word_1_42' title='bbox 1186 555 1228 589; x_wconf 91' lang='lat' dir='ltr'>et</span> <span class='ocrx_word' id='word_1_43' title='bbox 1247 548 1290 588; x_wconf 93' lang='lat' dir='ltr'>in</span> <span class='ocrx_word' id='word_1_44' title='bbox 1303 547 1615 596; x_wconf 87' lang='lat' dir='ltr'>abstraccione,</span> 
     </span>
     <span class='ocr_line' id='line_1_7' title="bbox 78 616 1617 671; baseline 0.001 -14"><span class='ocrx_word' id='word_1_45' title='bbox 78 629 183 671; x_wconf 87' lang='lat' dir='ltr'>ergo</span> <span class='ocrx_word' id='word_1_46' title='bbox 216 616 296 658; x_wconf 90' lang='lat' dir='ltr'>hec</span> <span class='ocrx_word' id='word_1_47' title='bbox 329 616 579 658; x_wconf 86' lang='lat' dir='ltr'>substancia</span> <span class='ocrx_word' id='word_1_48' title='bbox 613 623 680 658; x_wconf 88' lang='lat' dir='ltr'>est</span> <span class='ocrx_word' id='word_1_49' title='bbox 717 617 977 670; x_wconf 88' lang='lat' dir='ltr'>composita.</span> <span class='ocrx_word' id='word_1_50' title='bbox 1049 617 1261 660; x_wconf 89' lang='lat' dir='ltr'>Similiter</span> <span class='ocrx_word' id='word_1_51' title='bbox 1293 616 1433 658; x_wconf 85' lang='lat' dir='ltr'>forma</span> <span class='ocrx_word' id='word_1_52' title='bbox 1470 617 1617 671; x_wconf 90' lang='lat' dir='ltr'>aliqua</span> 
     </span>
     <span class='ocr_line' id='line_1_8' title="bbox 78 685 1615 741; baseline 0.001 -14"><span class='ocrx_word' id='word_1_53' title='bbox 78 692 145 728; x_wconf 92' lang='lat' dir='ltr'>est</span> <span class='ocrx_word' id='word_1_54' title='bbox 173 685 419 727; x_wconf 88' lang='lat' dir='ltr'>communis</span> <span class='ocrx_word' id='word_1_55' title='bbox 448 686 652 727; x_wconf 88' lang='lat' dir='ltr'>omnibus</span> <span class='ocrx_word' id='word_1_56' title='bbox 683 685 834 728; x_wconf 89' lang='lat' dir='ltr'>formis</span> <span class='ocrx_word' id='word_1_57' title='bbox 863 687 1219 741; x_wconf 85' lang='lat' dir='ltr'>compositorum,</span> <span class='ocrx_word' id='word_1_58' title='bbox 1241 695 1347 739; x_wconf 86' lang='lat' dir='ltr'>tum,</span> <span class='ocrx_word' id='word_1_59' title='bbox 1369 687 1470 741; x_wconf 89' lang='lat' dir='ltr'>quia</span> <span class='ocrx_word' id='word_1_60' title='bbox 1495 701 1615 729; x_wconf 87' lang='lat' dir='ltr'>com-</span> 
     </span>
     <span class='ocr_line' id='line_1_9' title="bbox 80 755 1616 810; baseline 0 -12"><span class='ocrx_word' id='word_1_61' title='bbox 80 756 273 810; x_wconf 86' lang='lat' dir='ltr'>positum</span> <span class='ocrx_word' id='word_1_62' title='bbox 302 770 349 796; x_wconf 91' lang='lat' dir='ltr'>se</span> <span class='ocrx_word' id='word_1_63' title='bbox 376 755 513 797; x_wconf 91' lang='lat' dir='ltr'>habet</span> <span class='ocrx_word' id='word_1_64' title='bbox 543 757 599 797; x_wconf 91' lang='lat' dir='ltr'>ad</span> <span class='ocrx_word' id='word_1_65' title='bbox 630 757 890 810; x_wconf 89' lang='lat' dir='ltr'>composita,</span> <span class='ocrx_word' id='word_1_66' title='bbox 919 757 1030 799; x_wconf 87' lang='lat' dir='ltr'>sicut</span> <span class='ocrx_word' id='word_1_67' title='bbox 1057 757 1197 799; x_wconf 88' lang='lat' dir='ltr'>forma</span> <span class='ocrx_word' id='word_1_68' title='bbox 1226 758 1282 798; x_wconf 91' lang='lat' dir='ltr'>ad</span> <span class='ocrx_word' id='word_1_69' title='bbox 1311 757 1485 807; x_wconf 83' lang='lat' dir='ltr'>formas,</span> <span class='ocrx_word' id='word_1_70' title='bbox 1508 763 1616 808; x_wconf 85' lang='lat' dir='ltr'>tum,</span> 
     </span>
     <span class='ocr_line' id='line_1_10' title="bbox 78 825 1616 880; baseline 0.001 -14"><span class='ocrx_word' id='word_1_71' title='bbox 78 826 180 880; x_wconf 88' lang='lat' dir='ltr'>quia</span> <span class='ocrx_word' id='word_1_72' title='bbox 208 825 373 880; x_wconf 90' lang='lat' dir='ltr'>aliquid</span> <span class='ocrx_word' id='word_1_73' title='bbox 404 826 459 867; x_wconf 93' lang='lat' dir='ltr'>de</span> <span class='ocrx_word' id='word_1_74' title='bbox 488 826 690 867; x_wconf 85' lang='lat' dir='ltr'>omnibus</span> <span class='ocrx_word' id='word_1_75' title='bbox 719 825 871 867; x_wconf 90' lang='lat' dir='ltr'>formis</span> <span class='ocrx_word' id='word_1_76' title='bbox 902 827 1246 880; x_wconf 90' lang='lat' dir='ltr'>compositarum</span> <span class='ocrx_word' id='word_1_77' title='bbox 1269 826 1616 868; x_wconf 85' lang='lat' dir='ltr'>substanciarum</span> 
     </span>
     <span class='ocr_line' id='line_1_11' title="bbox 21 895 1616 950; baseline 0.001 -15"><span class='ocrx_word' id='word_1_78' title='bbox 21 913 60 935; x_wconf 86' lang='lat'>10</span> <span class='ocrx_word' id='word_1_79' title='bbox 78 895 335 950; x_wconf 88' lang='lat' dir='ltr'>predicatur,</span> <span class='ocrx_word' id='word_1_80' title='bbox 367 896 576 949; x_wconf 91' lang='lat' dir='ltr'>quoniam</span> <span class='ocrx_word' id='word_1_81' title='bbox 614 895 809 949; x_wconf 89' lang='lat' dir='ltr'>quelibet</span> <span class='ocrx_word' id='word_1_82' title='bbox 846 910 994 938; x_wconf 88' lang='lat' dir='ltr'>earum</span> <span class='ocrx_word' id='word_1_83' title='bbox 1027 903 1093 937; x_wconf 92' lang='lat' dir='ltr'>est</span> <span class='ocrx_word' id='word_1_84' title='bbox 1125 896 1266 938; x_wconf 89' lang='lat' dir='ltr'>forma</span> <span class='ocrx_word' id='word_1_85' title='bbox 1301 896 1616 947; x_wconf 89' lang='lat' dir='ltr'>substancialis,</span> 
     </span>
     <span class='ocr_line' id='line_1_12' title="bbox 77 964 1617 1020; baseline 0 -14"><span class='ocrx_word' id='word_1_86' title='bbox 77 972 189 1015; x_wconf 88' lang='lat' dir='ltr'>tum,</span> <span class='ocrx_word' id='word_1_87' title='bbox 220 965 324 1018; x_wconf 88' lang='lat' dir='ltr'>quia</span> <span class='ocrx_word' id='word_1_88' title='bbox 358 978 435 1018; x_wconf 92' lang='lat' dir='ltr'>per</span> <span class='ocrx_word' id='word_1_89' title='bbox 466 964 715 1006; x_wconf 87' lang='lat' dir='ltr'>consimiles</span> <span class='ocrx_word' id='word_1_90' title='bbox 751 966 912 1020; x_wconf 87' lang='lat' dir='ltr'>gradus</span> <span class='ocrx_word' id='word_1_91' title='bbox 950 973 994 1008; x_wconf 89' lang='lat' dir='ltr'>et</span> <span class='ocrx_word' id='word_1_92' title='bbox 1030 965 1303 1007; x_wconf 86' lang='lat' dir='ltr'>differencias</span> <span class='ocrx_word' id='word_1_93' title='bbox 1336 966 1617 1008; x_wconf 88' lang='lat' dir='ltr'>descenditur</span> 
     </span>
     <span class='ocr_line' id='line_1_13' title="bbox 76 1034 1616 1089; baseline 0.001 -14"><span class='ocrx_word' id='word_1_94' title='bbox 76 1034 132 1076; x_wconf 88' lang='lat' dir='ltr'>ab</span> <span class='ocrx_word' id='word_1_95' title='bbox 169 1048 256 1075; x_wconf 89' lang='lat' dir='ltr'>uno</span> <span class='ocrx_word' id='word_1_96' title='bbox 292 1034 435 1088; x_wconf 89' lang='lat' dir='ltr'>capite</span> <span class='ocrx_word' id='word_1_97' title='bbox 472 1048 530 1075; x_wconf 86' lang='lat' dir='ltr'>ex</span> <span class='ocrx_word' id='word_1_98' title='bbox 572 1041 696 1088; x_wconf 91' lang='lat' dir='ltr'>parte</span> <span class='ocrx_word' id='word_1_99' title='bbox 731 1034 872 1076; x_wconf 91' lang='lat' dir='ltr'>forme</span> <span class='ocrx_word' id='word_1_100' title='bbox 903 1035 961 1076; x_wconf 89' lang='lat' dir='ltr'>ad</span> <span class='ocrx_word' id='word_1_101' title='bbox 999 1048 1152 1076; x_wconf 91' lang='lat' dir='ltr'>omnes</span> <span class='ocrx_word' id='word_1_102' title='bbox 1192 1035 1401 1089; x_wconf 88' lang='lat' dir='ltr'>speciales</span> <span class='ocrx_word' id='word_1_103' title='bbox 1442 1035 1616 1085; x_wconf 85' lang='lat' dir='ltr'>formas,</span> 
     </span>
     <span class='ocr_line' id='line_1_14' title="bbox 75 1104 1613 1159; baseline -0.001 -14"><span class='ocrx_word' id='word_1_104' title='bbox 75 1104 186 1145; x_wconf 92' lang='lat' dir='ltr'>sicut</span> <span class='ocrx_word' id='word_1_105' title='bbox 215 1117 272 1144; x_wconf 84' lang='lat' dir='ltr'>ex</span> <span class='ocrx_word' id='word_1_106' title='bbox 302 1109 426 1157; x_wconf 88' lang='lat' dir='ltr'>parte</span> <span class='ocrx_word' id='word_1_107' title='bbox 457 1104 690 1158; x_wconf 89' lang='lat' dir='ltr'>compositi</span> <span class='ocrx_word' id='word_1_108' title='bbox 723 1118 780 1145; x_wconf 88' lang='lat' dir='ltr'>ex</span> <span class='ocrx_word' id='word_1_109' title='bbox 813 1117 900 1145; x_wconf 90' lang='lat' dir='ltr'>uno</span> <span class='ocrx_word' id='word_1_110' title='bbox 920 1105 1076 1159; x_wconf 89' lang='lat' dir='ltr'>capite.</span> <span class='ocrx_word' id='word_1_111' title='bbox 1149 1104 1279 1146; x_wconf 90' lang='lat' dir='ltr'>Unde</span> <span class='ocrx_word' id='word_1_112' title='bbox 1311 1105 1424 1146; x_wconf 90' lang='lat' dir='ltr'>sicut</span> <span class='ocrx_word' id='word_1_113' title='bbox 1455 1104 1613 1146; x_wconf 88' lang='lat' dir='ltr'>dicitur</span> 
     </span>
     <span class='ocr_line' id='line_1_15' title="bbox 75 1173 1610 1228; baseline 0.001 -14"><span class='ocrx_word' id='word_1_114' title='bbox 75 1173 324 1215; x_wconf 88' lang='lat' dir='ltr'>substancia</span> <span class='ocrx_word' id='word_1_115' title='bbox 355 1173 614 1228; x_wconf 88' lang='lat' dir='ltr'>composita,</span> <span class='ocrx_word' id='word_1_116' title='bbox 647 1173 732 1214; x_wconf 90' lang='lat' dir='ltr'>alia</span> <span class='ocrx_word' id='word_1_117' title='bbox 766 1180 832 1215; x_wconf 89' lang='lat' dir='ltr'>est</span> <span class='ocrx_word' id='word_1_118' title='bbox 868 1174 1107 1227; x_wconf 90' lang='lat' dir='ltr'>spiritualis</span> <span class='ocrx_word' id='word_1_119' title='bbox 1140 1173 1225 1215; x_wconf 90' lang='lat' dir='ltr'>alia</span> <span class='ocrx_word' id='word_1_120' title='bbox 1257 1173 1524 1227; x_wconf 86' lang='lat' dir='ltr'>corporalis;</span> <span class='ocrx_word' id='word_1_121' title='bbox 1568 1181 1610 1215; x_wconf 89' lang='lat' dir='ltr'>et</span> 
     </span>
     <span class='ocr_line' id='line_1_16' title="bbox 17 1242 1613 1297; baseline 0.001 -13"><span class='ocrx_word' id='word_1_122' title='bbox 17 1261 55 1294; x_wconf 83' lang='lat'>15</span> <span class='ocrx_word' id='word_1_123' title='bbox 75 1242 326 1297; x_wconf 90' lang='lat' dir='ltr'>corporalis,</span> <span class='ocrx_word' id='word_1_124' title='bbox 356 1242 443 1285; x_wconf 88' lang='lat' dir='ltr'>alia</span> <span class='ocrx_word' id='word_1_125' title='bbox 472 1248 539 1283; x_wconf 93' lang='lat' dir='ltr'>est</span> <span class='ocrx_word' id='word_1_126' title='bbox 570 1243 741 1284; x_wconf 88' lang='lat' dir='ltr'>celestis</span> <span class='ocrx_word' id='word_1_127' title='bbox 773 1243 859 1285; x_wconf 88' lang='lat' dir='ltr'>alia</span> <span class='ocrx_word' id='word_1_128' title='bbox 885 1256 973 1284; x_wconf 90' lang='lat' dir='ltr'>non</span> <span class='ocrx_word' id='word_1_129' title='bbox 1002 1243 1200 1294; x_wconf 90' lang='lat' dir='ltr'>celestis;</span> <span class='ocrx_word' id='word_1_130' title='bbox 1237 1251 1282 1285; x_wconf 95' lang='lat' dir='ltr'>et</span> <span class='ocrx_word' id='word_1_131' title='bbox 1312 1257 1398 1285; x_wconf 91' lang='lat' dir='ltr'>non</span> <span class='ocrx_word' id='word_1_132' title='bbox 1425 1243 1613 1294; x_wconf 87' lang='lat' dir='ltr'>celestis,</span> 
     </span>
     <span class='ocr_line' id='line_1_17' title="bbox 74 1311 1611 1366; baseline 0 -13"><span class='ocrx_word' id='word_1_133' title='bbox 74 1311 162 1353; x_wconf 84' lang='lat' dir='ltr'>alia</span> <span class='ocrx_word' id='word_1_134' title='bbox 192 1311 469 1362; x_wconf 91' lang='lat' dir='ltr'>elementum,</span> <span class='ocrx_word' id='word_1_135' title='bbox 497 1312 583 1353; x_wconf 89' lang='lat' dir='ltr'>alia</span> <span class='ocrx_word' id='word_1_136' title='bbox 612 1312 828 1353; x_wconf 84' lang='lat' dir='ltr'>mixtum:</span> <span class='ocrx_word' id='word_1_137' title='bbox 871 1313 933 1353; x_wconf 93' lang='lat' dir='ltr'>sic</span> <span class='ocrx_word' id='word_1_138' title='bbox 965 1311 1119 1364; x_wconf 83' lang='lat' dir='ltr'>forma,</span> <span class='ocrx_word' id='word_1_139' title='bbox 1148 1313 1233 1353; x_wconf 91' lang='lat' dir='ltr'>alia</span> <span class='ocrx_word' id='word_1_140' title='bbox 1265 1319 1331 1354; x_wconf 93' lang='lat' dir='ltr'>est</span> <span class='ocrx_word' id='word_1_141' title='bbox 1363 1312 1611 1366; x_wconf 82' lang='lat' dir='ltr'>spiritualis,</span> 
     </span>
     <span class='ocr_line' id='line_1_18' title="bbox 76 1372 1612 1435; baseline 0.002 -14"><span class='ocrx_word' id='word_1_142' title='bbox 76 1372 161 1423; x_wconf 88' lang='lat' dir='ltr'>alia</span> <span class='ocrx_word' id='word_1_143' title='bbox 183 1380 447 1435; x_wconf 90' lang='lat' dir='ltr'>corporalis;</span> <span class='ocrx_word' id='word_1_144' title='bbox 479 1388 522 1423; x_wconf 91' lang='lat' dir='ltr'>et</span> <span class='ocrx_word' id='word_1_145' title='bbox 543 1381 794 1435; x_wconf 88' lang='lat' dir='ltr'>corporalis,</span> <span class='ocrx_word' id='word_1_146' title='bbox 815 1382 900 1423; x_wconf 87' lang='lat' dir='ltr'>alia</span> <span class='ocrx_word' id='word_1_147' title='bbox 926 1381 1098 1424; x_wconf 90' lang='lat' dir='ltr'>celestis</span> <span class='ocrx_word' id='word_1_148' title='bbox 1119 1381 1202 1423; x_wconf 90' lang='lat' dir='ltr'>alia</span> <span class='ocrx_word' id='word_1_149' title='bbox 1228 1395 1315 1423; x_wconf 91' lang='lat' dir='ltr'>non</span> <span class='ocrx_word' id='word_1_150' title='bbox 1337 1382 1535 1431; x_wconf 82' lang='lat' dir='ltr'>celestis3</span> <span class='ocrx_word' id='word_1_151' title='bbox 1567 1390 1612 1424; x_wconf 88' lang='lat' dir='ltr'>et</span> 
     </span>
     <span class='ocr_line' id='line_1_19' title="bbox 75 1449 1755 1506; baseline 0.001 -15"><span class='ocrx_word' id='word_1_152' title='bbox 75 1463 162 1492; x_wconf 92' lang='lat' dir='ltr'>non</span> <span class='ocrx_word' id='word_1_153' title='bbox 191 1451 375 1503; x_wconf 87' lang='lat' dir='ltr'>celestis,</span> <span class='ocrx_word' id='word_1_154' title='bbox 399 1450 483 1492; x_wconf 87' lang='lat' dir='ltr'>alia</span> <span class='ocrx_word' id='word_1_155' title='bbox 515 1450 792 1492; x_wconf 90' lang='lat' dir='ltr'>elementaris</span> <span class='ocrx_word' id='word_1_156' title='bbox 820 1451 906 1493; x_wconf 91' lang='lat' dir='ltr'>alia</span> <span class='ocrx_word' id='word_1_157' title='bbox 939 1451 1079 1503; x_wconf 86' lang='lat' dir='ltr'>mixti,</span> <span class='ocrx_word' id='word_1_158' title='bbox 1102 1458 1146 1493; x_wconf 91' lang='lat' dir='ltr'>et</span> <span class='ocrx_word' id='word_1_159' title='bbox 1172 1449 1178 1506; x_wconf 84' lang='grc' dir='ltr'>Ι</span> <span class='ocrx_word' id='word_1_160' title='bbox 1207 1451 1267 1492; x_wconf 91' lang='lat' dir='ltr'>sic</span> <span class='ocrx_word' id='word_1_161' title='bbox 1296 1450 1487 1502; x_wconf 86' lang='lat' dir='ltr'>ulterius,</span> <span class='ocrx_word' id='word_1_162' title='bbox 1509 1452 1611 1492; x_wconf 88' lang='lat' dir='ltr'>licet</span> <span class='ocrx_word' id='word_1_163' title='bbox 1634 1470 1672 1502; x_wconf 79' lang='lat'>14</span> <span class='ocrx_word' id='word_1_164' title='bbox 1689 1473 1705 1493; x_wconf 80' lang='lat' dir='ltr'>a</span> <span class='ocrx_word' id='word_1_165' title='bbox 1726 1472 1755 1494; x_wconf 87' lang='lat'>2.</span> 
     </span>
     <span class='ocr_line' id='line_1_20' title="bbox 75 1519 1611 1575; baseline 0.001 -15"><span class='ocrx_word' id='word_1_166' title='bbox 75 1520 372 1575; x_wconf 84' lang='lat' dir='ltr'>significemus</span> <span class='ocrx_word' id='word_1_167' title='bbox 414 1521 519 1562; x_wconf 90' lang='lat' dir='ltr'>istas</span> <span class='ocrx_word' id='word_1_168' title='bbox 561 1520 832 1562; x_wconf 86' lang='lat' dir='ltr'>differencias</span> <span class='ocrx_word' id='word_1_169' title='bbox 874 1534 900 1561; x_wconf 89' lang='lat' dir='ltr'>a</span> <span class='ocrx_word' id='word_1_170' title='bbox 941 1527 1066 1574; x_wconf 87' lang='lat' dir='ltr'>parte</span> <span class='ocrx_word' id='word_1_171' title='bbox 1108 1519 1246 1561; x_wconf 86' lang='lat' dir='ltr'>forme</span> <span class='ocrx_word' id='word_1_172' title='bbox 1286 1520 1526 1574; x_wconf 88' lang='lat' dir='ltr'>aliquando</span> <span class='ocrx_word' id='word_1_173' title='bbox 1567 1520 1611 1561; x_wconf 89' lang='lat' dir='ltr'>in</span> 
     </span>
     <span class='ocr_line' id='line_1_21' title="bbox 18 1589 1613 1645; baseline -0.001 -14"><span class='ocrx_word' id='word_1_174' title='bbox 18 1611 58 1633; x_wconf 88' lang='lat'>20</span> <span class='ocrx_word' id='word_1_175' title='bbox 76 1589 220 1632; x_wconf 87' lang='lat' dir='ltr'>oblico</span> <span class='ocrx_word' id='word_1_176' title='bbox 262 1597 305 1631; x_wconf 89' lang='lat' dir='ltr'>et</span> <span class='ocrx_word' id='word_1_177' title='bbox 347 1603 434 1631; x_wconf 92' lang='lat' dir='ltr'>non</span> <span class='ocrx_word' id='word_1_178' title='bbox 476 1604 651 1645; x_wconf 88' lang='lat' dir='ltr'>semper</span> <span class='ocrx_word' id='word_1_179' title='bbox 691 1590 735 1631; x_wconf 89' lang='lat' dir='ltr'>in</span> <span class='ocrx_word' id='word_1_180' title='bbox 770 1596 902 1641; x_wconf 90' lang='lat' dir='ltr'>recto,</span> <span class='ocrx_word' id='word_1_181' title='bbox 944 1590 1049 1643; x_wconf 87' lang='lat' dir='ltr'>quia</span> <span class='ocrx_word' id='word_1_182' title='bbox 1088 1590 1267 1631; x_wconf 88' lang='lat' dir='ltr'>nomina</span> <span class='ocrx_word' id='word_1_183' title='bbox 1303 1603 1390 1630; x_wconf 88' lang='lat' dir='ltr'>non</span> <span class='ocrx_word' id='word_1_184' title='bbox 1432 1596 1533 1631; x_wconf 85' lang='lat' dir='ltr'>sunt</span> <span class='ocrx_word' id='word_1_185' title='bbox 1570 1590 1613 1630; x_wconf 93' lang='lat' dir='ltr'>in</span> 
     </span>
     <span class='ocr_line' id='line_1_22' title="bbox 76 1659 1614 1715; baseline 0.001 -16"><span class='ocrx_word' id='word_1_186' title='bbox 76 1673 154 1700; x_wconf 90' lang='lat' dir='ltr'>usu</span> <span class='ocrx_word' id='word_1_187' title='bbox 178 1660 233 1701; x_wconf 89' lang='lat' dir='ltr'>ad</span> <span class='ocrx_word' id='word_1_188' title='bbox 260 1659 352 1711; x_wconf 90' lang='lat' dir='ltr'>hec,</span> <span class='ocrx_word' id='word_1_189' title='bbox 382 1666 563 1715; x_wconf 89' lang='lat' dir='ltr'>possent</span> <span class='ocrx_word' id='word_1_190' title='bbox 591 1666 740 1701; x_wconf 90' lang='lat' dir='ltr'>tamen</span> <span class='ocrx_word' id='word_1_191' title='bbox 770 1660 936 1714; x_wconf 90' lang='lat' dir='ltr'>imponi</span> <span class='ocrx_word' id='word_1_192' title='bbox 965 1660 1021 1701; x_wconf 87' lang='lat' dir='ltr'>ad</span> <span class='ocrx_word' id='word_1_193' title='bbox 1050 1659 1273 1713; x_wconf 88' lang='lat' dir='ltr'>placitum,</span> <span class='ocrx_word' id='word_1_194' title='bbox 1303 1660 1420 1701; x_wconf 90' lang='lat' dir='ltr'>unde</span> <span class='ocrx_word' id='word_1_195' title='bbox 1441 1674 1466 1700; x_wconf 90' lang='lat' dir='ltr'>a</span> <span class='ocrx_word' id='word_1_196' title='bbox 1488 1666 1614 1715; x_wconf 90' lang='lat' dir='ltr'>parte</span> 
     </span>
     <span class='ocr_line' id='line_1_23' title="bbox 76 1728 1611 1783; baseline 0.001 -15"><span class='ocrx_word' id='word_1_197' title='bbox 76 1729 134 1769; x_wconf 92' lang='lat' dir='ltr'>rei</span> <span class='ocrx_word' id='word_1_198' title='bbox 169 1742 256 1770; x_wconf 91' lang='lat' dir='ltr'>non</span> <span class='ocrx_word' id='word_1_199' title='bbox 297 1730 456 1772; x_wconf 88' lang='lat' dir='ltr'>accidit</span> <span class='ocrx_word' id='word_1_200' title='bbox 497 1728 706 1782; x_wconf 89' lang='lat' dir='ltr'>defectus,</span> <span class='ocrx_word' id='word_1_201' title='bbox 748 1735 797 1771; x_wconf 90' lang='lat' dir='ltr'>ut</span> <span class='ocrx_word' id='word_1_202' title='bbox 838 1729 1117 1771; x_wconf 90' lang='lat' dir='ltr'>manifestum</span> <span class='ocrx_word' id='word_1_203' title='bbox 1161 1736 1240 1770; x_wconf 88' lang='lat' dir='ltr'>est.</span> <span class='ocrx_word' id='word_1_204' title='bbox 1302 1730 1474 1770; x_wconf 90' lang='lat' dir='ltr'>Tamen</span> <span class='ocrx_word' id='word_1_205' title='bbox 1510 1729 1611 1783; x_wconf 90' lang='lat' dir='ltr'>quia</span> 
     </span>
     <span class='ocr_line' id='line_1_24' title="bbox 76 1799 1608 1854; baseline 0.001 -15"><span class='ocrx_word' id='word_1_206' title='bbox 76 1799 278 1840; x_wconf 90' lang='lat' dir='ltr'>accidens</span> <span class='ocrx_word' id='word_1_207' title='bbox 311 1806 563 1841; x_wconf 90' lang='lat' dir='ltr'>numeratur</span> <span class='ocrx_word' id='word_1_208' title='bbox 595 1807 638 1841; x_wconf 90' lang='lat' dir='ltr'>et</span> <span class='ocrx_word' id='word_1_209' title='bbox 672 1799 990 1854; x_wconf 87' lang='lat' dir='ltr'>multiplicatur</span> <span class='ocrx_word' id='word_1_210' title='bbox 1026 1801 1080 1841; x_wconf 88' lang='lat' dir='ltr'>ad</span> <span class='ocrx_word' id='word_1_211' title='bbox 1121 1800 1477 1841; x_wconf 87' lang='lat' dir='ltr'>numeracionem</span> <span class='ocrx_word' id='word_1_212' title='bbox 1508 1799 1608 1841; x_wconf 92' lang='lat' dir='ltr'>sub—</span> 
     </span>
     <span class='ocr_line' id='line_1_25' title="bbox 71 1868 1612 1924; baseline 0 -15"><span class='ocrx_word' id='word_1_213' title='bbox 71 1868 178 1923; x_wconf 87' lang='lat' dir='ltr'>jecti</span> <span class='ocrx_word' id='word_1_214' title='bbox 221 1876 265 1911; x_wconf 93' lang='lat' dir='ltr'>et</span> <span class='ocrx_word' id='word_1_215' title='bbox 307 1869 737 1923; x_wconf 89' lang='lat' dir='ltr'>multiplicaeionem,</span> <span class='ocrx_word' id='word_1_216' title='bbox 780 1870 899 1924; x_wconf 90' lang='lat' dir='ltr'>quod</span> <span class='ocrx_word' id='word_1_217' title='bbox 941 1877 1007 1912; x_wconf 91' lang='lat' dir='ltr'>est</span> <span class='ocrx_word' id='word_1_218' title='bbox 1049 1870 1265 1911; x_wconf 90' lang='lat' dir='ltr'>remocius</span> <span class='ocrx_word' id='word_1_219' title='bbox 1311 1869 1368 1910; x_wconf 92' lang='lat' dir='ltr'>ab</span> <span class='ocrx_word' id='word_1_220' title='bbox 1416 1869 1612 1910; x_wconf 89' lang='lat' dir='ltr'>essencia</span> 
     </span>
     <span class='ocr_line' id='line_1_26' title="bbox 17 1937 1611 1994; baseline -0.001 -15"><span class='ocrx_word' id='word_1_221' title='bbox 17 1958 55 1990; x_wconf 84' lang='lat'>25</span> <span class='ocrx_word' id='word_1_222' title='bbox 76 1937 260 1991; x_wconf 89' lang='lat' dir='ltr'>subjecti</span> <span class='ocrx_word' id='word_1_223' title='bbox 292 1952 426 1992; x_wconf 90' lang='lat' dir='ltr'>quam</span> <span class='ocrx_word' id='word_1_224' title='bbox 457 1938 611 1989; x_wconf 89' lang='lat' dir='ltr'>forma,</span> <span class='ocrx_word' id='word_1_225' title='bbox 643 1953 729 1994; x_wconf 92' lang='lat' dir='ltr'>que</span> <span class='ocrx_word' id='word_1_226' title='bbox 759 1945 826 1980; x_wconf 94' lang='lat' dir='ltr'>est</span> <span class='ocrx_word' id='word_1_227' title='bbox 858 1954 958 1994; x_wconf 88' lang='lat' dir='ltr'>pars</span> <span class='ocrx_word' id='word_1_228' title='bbox 991 1945 1035 1980; x_wconf 90' lang='lat' dir='ltr'>et</span> <span class='ocrx_word' id='word_1_229' title='bbox 1066 1939 1335 1981; x_wconf 87' lang='lat' dir='ltr'>constituens</span> <span class='ocrx_word' id='word_1_230' title='bbox 1361 1938 1611 1986; x_wconf 81' lang='lat' dir='ltr'>essenciam,</span> 
     </span>
     <span class='ocr_line' id='line_1_27' title="bbox 77 2007 1610 2062; baseline 0.001 -15"><span class='ocrx_word' id='word_1_231' title='bbox 77 2021 181 2062; x_wconf 88' lang='lat' dir='ltr'>ergo</span> <span class='ocrx_word' id='word_1_232' title='bbox 203 2010 442 2050; x_wconf 90' lang='lat' dir='ltr'>secundum</span> <span class='ocrx_word' id='word_1_233' title='bbox 465 2009 722 2051; x_wconf 89' lang='lat' dir='ltr'>varietatem</span> <span class='ocrx_word' id='word_1_234' title='bbox 749 2007 1099 2050; x_wconf 84' lang='lat' dir='ltr'>differenciarum</span> <span class='ocrx_word' id='word_1_235' title='bbox 1130 2015 1173 2050; x_wconf 91' lang='lat' dir='ltr'>et</span> <span class='ocrx_word' id='word_1_236' title='bbox 1192 2009 1409 2062; x_wconf 85' lang='lat' dir='ltr'>graduum</span> <span class='ocrx_word' id='word_1_237' title='bbox 1430 2021 1610 2061; x_wconf 92' lang='lat' dir='ltr'>compo-</span> 
     </span>
     <span class='ocr_line' id='line_1_28' title="bbox 76 2077 1610 2132; baseline 0 -14"><span class='ocrx_word' id='word_1_238' title='bbox 76 2077 147 2118; x_wconf 89' lang='lat' dir='ltr'>siti</span> <span class='ocrx_word' id='word_1_239' title='bbox 189 2078 270 2118; x_wconf 89' lang='lat' dir='ltr'>erit</span> <span class='ocrx_word' id='word_1_240' title='bbox 305 2078 494 2119; x_wconf 87' lang='lat' dir='ltr'>varietas</span> <span class='ocrx_word' id='word_1_241' title='bbox 536 2078 884 2120; x_wconf 84' lang='lat' dir='ltr'>differenciarum</span> <span class='ocrx_word' id='word_1_242' title='bbox 928 2084 971 2119; x_wconf 92' lang='lat' dir='ltr'>et</span> <span class='ocrx_word' id='word_1_243' title='bbox 1012 2079 1229 2132; x_wconf 82' lang='lat' dir='ltr'>graduum</span> <span class='ocrx_word' id='word_1_244' title='bbox 1263 2078 1413 2119; x_wconf 88' lang='lat' dir='ltr'>forme.</span> <span class='ocrx_word' id='word_1_245' title='bbox 1495 2077 1610 2118; x_wconf 90' lang='lat' dir='ltr'>Item</span> 
     </span>
     <span class='ocr_line' id='line_1_29' title="bbox 75 2146 1613 2203; baseline 0.001 -16"><span class='ocrx_word' id='word_1_246' title='bbox 75 2153 150 2188; x_wconf 88' lang='lat' dir='ltr'>aut</span> <span class='ocrx_word' id='word_1_247' title='bbox 172 2147 417 2201; x_wconf 88' lang='lat' dir='ltr'>composita</span> <span class='ocrx_word' id='word_1_248' title='bbox 441 2147 789 2190; x_wconf 84' lang='lat' dir='ltr'>diversificantur</span> <span class='ocrx_word' id='word_1_249' title='bbox 815 2153 995 2203; x_wconf 90' lang='lat' dir='ltr'>propter</span> <span class='ocrx_word' id='word_1_250' title='bbox 1023 2148 1320 2190; x_wconf 86' lang='lat' dir='ltr'>diversitatem</span> <span class='ocrx_word' id='word_1_251' title='bbox 1346 2146 1544 2197; x_wconf 87' lang='lat' dir='ltr'>materie,</span> <span class='ocrx_word' id='word_1_252' title='bbox 1568 2153 1613 2188; x_wconf 90' lang='lat' dir='ltr'>et</span> 
     </span>
     <span class='ocr_line' id='line_1_30' title="bbox 75 2216 1613 2275; baseline 0 -18"><span class='ocrx_word' id='word_1_253' title='bbox 75 2221 179 2275; x_wconf 87' lang='lat' dir='ltr'>tunc</span> <span class='ocrx_word' id='word_1_254' title='bbox 209 2216 350 2258; x_wconf 89' lang='lat' dir='ltr'>multo</span> <span class='ocrx_word' id='word_1_255' title='bbox 379 2217 515 2271; x_wconf 86' lang='lat' dir='ltr'>magis</span> <span class='ocrx_word' id='word_1_256' title='bbox 547 2217 688 2259; x_wconf 88' lang='lat' dir='ltr'>forma</span> <span class='ocrx_word' id='word_1_257' title='bbox 716 2223 781 2258; x_wconf 94' lang='lat' dir='ltr'>est</span> <span class='ocrx_word' id='word_1_258' title='bbox 812 2230 942 2259; x_wconf 88' lang='lat' dir='ltr'>causa</span> <span class='ocrx_word' id='word_1_259' title='bbox 967 2217 1241 2268; x_wconf 89' lang='lat' dir='ltr'>diversitatis,</span> <span class='ocrx_word' id='word_1_260' title='bbox 1270 2222 1314 2258; x_wconf 91' lang='lat' dir='ltr'>et</span> <span class='ocrx_word' id='word_1_261' title='bbox 1342 2217 1613 2258; x_wconf 87' lang='lat' dir='ltr'>diversorum</span> 
     </span>
     <span class='ocr_line' id='line_1_31' title="bbox 17 2285 1614 2341; baseline 0 -14"><span class='ocrx_word' id='word_1_262' title='bbox 17 2303 58 2335; x_wconf 78' lang='lat'>30</span> <span class='ocrx_word' id='word_1_263' title='bbox 76 2285 422 2340; x_wconf 87' lang='lat' dir='ltr'>compositorum</span> <span class='ocrx_word' id='word_1_264' title='bbox 447 2292 512 2328; x_wconf 91' lang='lat' dir='ltr'>est</span> <span class='ocrx_word' id='word_1_265' title='bbox 535 2286 704 2328; x_wconf 89' lang='lat' dir='ltr'>diversa</span> <span class='ocrx_word' id='word_1_266' title='bbox 728 2286 878 2337; x_wconf 89' lang='lat' dir='ltr'>forma,</span> <span class='ocrx_word' id='word_1_267' title='bbox 900 2287 1002 2340; x_wconf 91' lang='lat' dir='ltr'>quia</span> <span class='ocrx_word' id='word_1_268' title='bbox 1024 2287 1163 2341; x_wconf 86' lang='lat' dir='ltr'>magis</span> <span class='ocrx_word' id='word_1_269' title='bbox 1184 2286 1414 2328; x_wconf 90' lang='lat' dir='ltr'>ascribitur</span> <span class='ocrx_word' id='word_1_270' title='bbox 1435 2285 1614 2327; x_wconf 87' lang='lat' dir='ltr'>diversi·</span> 
     </span>
     <span class='ocr_line' id='line_1_32' title="bbox 76 2355 1612 2410; baseline -0.001 -13"><span class='ocrx_word' id='word_1_271' title='bbox 76 2361 145 2397; x_wconf 86' lang='lat' dir='ltr'>tas</span> <span class='ocrx_word' id='word_1_272' title='bbox 175 2369 202 2396; x_wconf 91' lang='lat' dir='ltr'>a</span> <span class='ocrx_word' id='word_1_273' title='bbox 238 2361 363 2409; x_wconf 89' lang='lat' dir='ltr'>parte</span> <span class='ocrx_word' id='word_1_274' title='bbox 398 2355 537 2396; x_wconf 92' lang='lat' dir='ltr'>forme</span> <span class='ocrx_word' id='word_1_275' title='bbox 572 2369 705 2410; x_wconf 90' lang='lat' dir='ltr'>quam</span> <span class='ocrx_word' id='word_1_276' title='bbox 744 2355 936 2406; x_wconf 90' lang='lat' dir='ltr'>materie,</span> <span class='ocrx_word' id='word_1_277' title='bbox 972 2362 1038 2397; x_wconf 91' lang='lat' dir='ltr'>set</span> <span class='ocrx_word' id='word_1_278' title='bbox 1075 2369 1163 2396; x_wconf 91' lang='lat' dir='ltr'>non</span> <span class='ocrx_word' id='word_1_279' title='bbox 1200 2369 1225 2396; x_wconf 92' lang='lat' dir='ltr'>a</span> <span class='ocrx_word' id='word_1_280' title='bbox 1259 2361 1384 2409; x_wconf 86' lang='lat' dir='ltr'>parte</span> <span class='ocrx_word' id='word_1_281' title='bbox 1419 2356 1612 2403; x_wconf 85' lang='lat' dir='ltr'>materie,</span> 
     </span>
     <span class='ocr_line' id='line_1_33' title="bbox 77 2424 1614 2480; baseline 0 -14"><span class='ocrx_word' id='word_1_282' title='bbox 77 2430 120 2466; x_wconf 88' lang='lat' dir='ltr'>et</span> <span class='ocrx_word' id='word_1_283' title='bbox 149 2438 206 2466; x_wconf 88' lang='lat' dir='ltr'>ex</span> <span class='ocrx_word' id='word_1_284' title='bbox 238 2424 442 2480; x_wconf 88' lang='lat' dir='ltr'>ypothesi</span> <span class='ocrx_word' id='word_1_285' title='bbox 474 2438 553 2467; x_wconf 93' lang='lat' dir='ltr'>nec</span> <span class='ocrx_word' id='word_1_286' title='bbox 574 2439 600 2467; x_wconf 90' lang='lat' dir='ltr'>a</span> <span class='ocrx_word' id='word_1_287' title='bbox 621 2432 745 2479; x_wconf 89' lang='lat' dir='ltr'>parte</span> <span class='ocrx_word' id='word_1_288' title='bbox 775 2425 926 2476; x_wconf 87' lang='lat' dir='ltr'>forme,</span> <span class='ocrx_word' id='word_1_289' title='bbox 949 2439 1052 2480; x_wconf 86' lang='lat' dir='ltr'>ergo</span> <span class='ocrx_word' id='word_1_290' title='bbox 1085 2424 1203 2466; x_wconf 90' lang='lat' dir='ltr'>nulla</span> <span class='ocrx_word' id='word_1_291' title='bbox 1228 2425 1461 2466; x_wconf 89' lang='lat' dir='ltr'>diversitas</span> <span class='ocrx_word' id='word_1_292' title='bbox 1492 2438 1614 2466; x_wconf 90' lang='lat' dir='ltr'>com-</span> 
     </span>
    </p>
   </div>
   <div class='ocr_carea' id='block_1_3' title="bbox 74 2549 1623 2905">
    <p class='ocr_par' dir='ltr' id='par_1_3' title="bbox 0 2480 1623 2905">
     <span class='ocr_line' id='line_1_34' title="bbox 122 2549 1623 2593; baseline 0.001 -10.925"><span class='ocrx_word' id='word_1_293' title='bbox 122 2560 139 2590; x_wconf 92' lang='lat'><strong>7</strong></span> <span class='ocrx_word' id='word_1_294' title='bbox 163 2549 258 2591; x_wconf 87' lang='lat' dir='ltr'>quia]</span> <span class='ocrx_word' id='word_1_295' title='bbox 276 2550 355 2591; x_wconf 87' lang='lat' dir='ltr'>quia</span> <span class='ocrx_word' id='word_1_296' title='bbox 371 2551 460 2582; x_wconf 86' lang='lat' dir='ltr'>sicut</span> <span class='ocrx_word' id='word_1_297' title='bbox 475 2550 539 2582; x_wconf 89' lang='lat' dir='ltr'>FD</span> <span class='ocrx_word' id='word_1_298' title='bbox 699 2550 720 2581; x_wconf 90' lang='lat'>8</span> <span class='ocrx_word' id='word_1_299' title='bbox 744 2549 848 2592; x_wconf 87' lang='lat' dir='ltr'>sicut]</span> <span class='ocrx_word' id='word_1_300' title='bbox 866 2550 915 2582; x_wconf 84' lang='lat' dir='ltr'>sic</span> <span class='ocrx_word' id='word_1_301' title='bbox 930 2550 994 2581; x_wconf 89' lang='lat' dir='ltr'>FD</span> <span class='ocrx_word' id='word_1_302' title='bbox 1155 2561 1192 2582; x_wconf 94' lang='lat'>11</span> <span class='ocrx_word' id='word_1_303' title='bbox 1217 2550 1427 2593; x_wconf 86' lang='lat' dir='ltr'>consimiles]</span> <span class='ocrx_word' id='word_1_304' title='bbox 1445 2551 1574 2583; x_wconf 85' lang='lat' dir='ltr'>similes</span> <span class='ocrx_word' id='word_1_305' title='bbox 1590 2551 1623 2583; x_wconf 79' lang='lat' dir='ltr'><em>F</em></span> 
     </span>
     <span class='ocr_line' id='line_1_35' title="bbox 81 2602 1617 2645; baseline 0.002 -12"><span class='ocrx_word' id='word_1_306' title='bbox 81 2612 120 2642; x_wconf 89' lang='lat'>13</span> <span class='ocrx_word' id='word_1_307' title='bbox 144 2603 337 2645; x_wconf 88' lang='lat' dir='ltr'>compositi]</span> <span class='ocrx_word' id='word_1_308' title='bbox 357 2603 623 2644; x_wconf 84' lang='lat' dir='ltr'>compositorum</span> <span class='ocrx_word' id='word_1_309' title='bbox 641 2603 703 2634; x_wconf 85' lang='lat' dir='ltr'>FD</span> <span class='ocrx_word' id='word_1_310' title='bbox 979 2612 1017 2642; x_wconf 86' lang='lat'>15</span> <span class='ocrx_word' id='word_1_311' title='bbox 1043 2602 1179 2634; x_wconf 87' lang='lat' dir='ltr'>celestis</span> <span class='ocrx_word' id='word_1_312' title='bbox 1197 2603 1278 2644; x_wconf 89' lang='lat' dir='ltr'>alia]</span> <span class='ocrx_word' id='word_1_313' title='bbox 1296 2603 1433 2635; x_wconf 86' lang='lat' dir='ltr'>celestis</span> <span class='ocrx_word' id='word_1_314' title='bbox 1450 2608 1484 2636; x_wconf 90' lang='lat' dir='ltr'>et</span> <span class='ocrx_word' id='word_1_315' title='bbox 1500 2605 1565 2636; x_wconf 91' lang='lat' dir='ltr'>alia</span> <span class='ocrx_word' id='word_1_316' title='bbox 1581 2604 1617 2635; x_wconf 92' lang='lat' dir='ltr'><em>D</em></span> 
     </span>
     <span class='ocr_line' id='line_1_36' title="bbox 80 2655 1614 2699; baseline 0.001 -13"><span class='ocrx_word' id='word_1_317' title='bbox 80 2656 121 2685; x_wconf 93' lang='lat'>16</span> <span class='ocrx_word' id='word_1_318' title='bbox 143 2655 208 2686; x_wconf 88' lang='lat' dir='ltr'>alia</span> <span class='ocrx_word' id='word_1_319' title='bbox 224 2655 446 2698; x_wconf 88' lang='lat' dir='ltr'>elementum]</span> <span class='ocrx_word' id='word_1_320' title='bbox 465 2656 533 2687; x_wconf 90' lang='lat' dir='ltr'>alia</span> <span class='ocrx_word' id='word_1_321' title='bbox 548 2660 601 2687; x_wconf 89' lang='lat' dir='ltr'>est</span> <span class='ocrx_word' id='word_1_322' title='bbox 618 2656 823 2687; x_wconf 85' lang='lat' dir='ltr'>elementum</span> <span class='ocrx_word' id='word_1_323' title='bbox 840 2655 874 2686; x_wconf 90' lang='lat' dir='ltr'><em>F</em></span> <span class='ocrx_word' id='word_1_324' title='bbox 1016 2656 1121 2686; x_wconf 84' lang='lat'>16-18</span> <span class='ocrx_word' id='word_1_325' title='bbox 1143 2655 1351 2687; x_wconf 83' lang='lat' dir='ltr'>elementum</span> <span class='ocrx_word' id='word_1_326' title='bbox 1369 2679 1377 2688; x_wconf 89' lang='lat'>.</span> <span class='ocrx_word' id='word_1_327' title='bbox 1396 2681 1403 2687; x_wconf 94' lang='lat'><strong><em>.</em></strong></span> <span class='ocrx_word' id='word_1_328' title='bbox 1420 2681 1427 2688; x_wconf 95' lang='lat'>.</span> <span class='ocrx_word' id='word_1_329' title='bbox 1445 2656 1511 2688; x_wconf 89' lang='lat' dir='ltr'>alia</span> <span class='ocrx_word' id='word_1_330' title='bbox 1530 2657 1614 2699; x_wconf 85' lang='lat' dir='ltr'>[ele-</span> 
     </span>
     <span class='ocr_line' id='line_1_37' title="bbox 77 2707 1621 2749; baseline 0.001 -11"><span class='ocrx_word' id='word_1_331' title='bbox 77 2707 256 2749; x_wconf 88' lang='lat' dir='ltr'>mentaris]</span> <span class='ocrx_word' id='word_1_332' title='bbox 275 2719 342 2742; x_wconf 87' lang='lat' dir='ltr'>om.</span> <span class='ocrx_word' id='word_1_333' title='bbox 359 2708 394 2739; x_wconf 92' lang='lat' dir='ltr'><em>D</em></span> <span class='ocrx_word' id='word_1_334' title='bbox 565 2710 669 2748; x_wconf 87' lang='lat'>17-18</span> <span class='ocrx_word' id='word_1_335' title='bbox 693 2713 727 2740; x_wconf 81' lang='lat' dir='ltr'>et</span> <span class='ocrx_word' id='word_1_336' title='bbox 744 2718 813 2739; x_wconf 87' lang='lat' dir='ltr'>non</span> <span class='ocrx_word' id='word_1_337' title='bbox 831 2707 969 2739; x_wconf 87' lang='lat' dir='ltr'>celestis</span> <span class='ocrx_word' id='word_1_338' title='bbox 984 2718 1048 2740; x_wconf 88' lang='lat' dir='ltr'>om.</span> <span class='ocrx_word' id='word_1_339' title='bbox 1065 2707 1099 2738; x_wconf 88' lang='lat' dir='ltr'><em>F</em></span> <span class='ocrx_word' id='word_1_340' title='bbox 1272 2718 1316 2739; x_wconf 86' lang='lat'>20</span> <span class='ocrx_word' id='word_1_341' title='bbox 1339 2708 1397 2740; x_wconf 86' lang='lat' dir='ltr'>alt.</span> <span class='ocrx_word' id='word_1_342' title='bbox 1418 2719 1487 2740; x_wconf 91' lang='lat' dir='ltr'>non</span> <span class='ocrx_word' id='word_1_343' title='bbox 1504 2720 1571 2742; x_wconf 83' lang='lat' dir='ltr'>om.</span> <span class='ocrx_word' id='word_1_344' title='bbox 1588 2709 1621 2740; x_wconf 81' lang='lat' dir='ltr'><em>F</em></span> 
     </span>
     <span class='ocr_line' id='line_1_38' title="bbox 77 2758 1615 2800; baseline 0.003 -10"><span class='ocrx_word' id='word_1_345' title='bbox 77 2769 118 2799; x_wconf 90' lang='lat'>27</span> <span class='ocrx_word' id='word_1_346' title='bbox 143 2758 224 2800; x_wconf 85' lang='lat' dir='ltr'>erit]</span> <span class='ocrx_word' id='word_1_347' title='bbox 241 2765 294 2792; x_wconf 89' lang='lat' dir='ltr'>est</span> <span class='ocrx_word' id='word_1_348' title='bbox 309 2760 342 2791; x_wconf 91' lang='lat' dir='ltr'><em>F</em></span> <span class='ocrx_word' id='word_1_349' title='bbox 438 2760 713 2792; x_wconf 83' lang='lat' dir='ltr'>differenciarum</span> <span class='ocrx_word' id='word_1_350' title='bbox 730 2783 738 2792; x_wconf 89' lang='lat'><strong>.</strong></span> <span class='ocrx_word' id='word_1_351' title='bbox 759 2784 766 2792; x_wconf 89' lang='lat'><strong>.</strong></span> <span class='ocrx_word' id='word_1_352' title='bbox 787 2784 794 2792; x_wconf 89' lang='lat'><strong>.</strong></span> <span class='ocrx_word' id='word_1_353' title='bbox 815 2759 939 2800; x_wconf 66' lang='lat' dir='ltr'>forme]</span> <span class='ocrx_word' id='word_1_354' title='bbox 958 2765 992 2792; x_wconf 89' lang='lat' dir='ltr'>et</span> <span class='ocrx_word' id='word_1_355' title='bbox 1009 2760 1206 2792; x_wconf 85' lang='lat' dir='ltr'>differencia</span> <span class='ocrx_word' id='word_1_356' title='bbox 1221 2762 1388 2800; x_wconf 85' lang='lat' dir='ltr'>graduum</span> <span class='ocrx_word' id='word_1_357' title='bbox 1405 2766 1439 2793; x_wconf 86' lang='lat' dir='ltr'>et</span> <span class='ocrx_word' id='word_1_358' title='bbox 1456 2762 1562 2794; x_wconf 88' lang='lat' dir='ltr'>forme</span> <span class='ocrx_word' id='word_1_359' title='bbox 1579 2762 1615 2793; x_wconf 91' lang='lat' dir='ltr'><em>D</em></span> 
     </span>
     <span class='ocr_line' id='line_1_39' title="bbox 76 2811 1615 2858; baseline 0.004 -17"><span class='ocrx_word' id='word_1_360' title='bbox 76 2821 114 2850; x_wconf 85' lang='lat'>31</span> <span class='ocrx_word' id='word_1_361' title='bbox 141 2811 258 2853; x_wconf 85' lang='lat' dir='ltr'>quam]</span> <span class='ocrx_word' id='word_1_362' title='bbox 276 2823 375 2852; x_wconf 91' lang='lat' dir='ltr'>quam</span> <span class='ocrx_word' id='word_1_363' title='bbox 391 2824 411 2844; x_wconf 93' lang='lat' dir='ltr'>a</span> <span class='ocrx_word' id='word_1_364' title='bbox 426 2818 523 2853; x_wconf 86' lang='lat' dir='ltr'>parte</span> <span class='ocrx_word' id='word_1_365' title='bbox 541 2812 576 2844; x_wconf 92' lang='lat' dir='ltr'><em>D</em></span> <span class='ocrx_word' id='word_1_366' title='bbox 769 2811 840 2854; x_wconf 87' lang='lat' dir='ltr'>set]</span> <span class='ocrx_word' id='word_1_367' title='bbox 858 2811 886 2844; x_wconf 88' lang='lat' dir='ltr'>si</span> <span class='ocrx_word' id='word_1_368' title='bbox 902 2811 967 2843; x_wconf 86' lang='lat' dir='ltr'>FD</span> <span class='ocrx_word' id='word_1_369' title='bbox 1230 2823 1272 2853; x_wconf 87' lang='lat'>32</span> <span class='ocrx_word' id='word_1_370' title='bbox 1296 2824 1341 2845; x_wconf 88' lang='lat' dir='ltr'>ex</span> <span class='ocrx_word' id='word_1_371' title='bbox 1356 2814 1534 2858; x_wconf 87' lang='lat' dir='ltr'>ypothesi]</span> <span class='ocrx_word' id='word_1_372' title='bbox 1552 2825 1615 2856; x_wconf 82' lang='lat' dir='ltr'>per</span> 
     </span>
     <span class='ocr_line' id='line_1_40' title="bbox 74 2865 322 2905; baseline 0 -10"><span class='ocrx_word' id='word_1_373' title='bbox 74 2865 270 2905; x_wconf 81' lang='lat' dir='ltr'>y&#39;pothesim</span> <span class='ocrx_word' id='word_1_374' title='bbox 287 2865 322 2895; x_wconf 92' lang='lat' dir='ltr'><em>D</em></span> 
     </span>
    </p>
   </div>
  </div>
 </body>
</html>
