1934 3152
24 887 63 909 10

807 139 888 184 123

80 239 178 282 finis
206 244 472 284 transmutat
502 241 729 284 materiam
759 248 806 284 ut
838 243 1015 284 inducat
1038 242 1239 292 formam,
1261 240 1303 282 id
1334 245 1413 291 est,
1435 239 1617 282 formale

80 309 454 364 complementum
485 311 527 352 in
559 325 650 353 esse
678 312 891 366 specifico.
957 312 1018 353 Et
1047 317 1227 366 propter
1248 311 1330 352 hoc
1353 317 1476 364 patet
1497 309 1616 362 quod

82 393 168 421 una
197 393 328 421 causa
359 386 426 421 est
458 394 591 422 causa
621 381 809 423 alterius.
888 381 1008 422 Finis
1039 381 1156 422 enim
1188 393 1266 434 per
1295 378 1299 434 Ι
1327 379 1618 420 intencionem
1638 385 1675 416 F.
1693 394 1734 426 94
1753 396 1771 415 a
1794 395 1817 416 1.

83 448 88 503 Ι
122 456 271 491 movet
302 448 512 500 efficiens,
544 455 587 491 et
620 449 721 492 facit
761 452 818 492 de
858 464 946 492 non
989 450 1200 492 efficiente
1241 449 1445 499 efficiens,
1479 455 1523 489 et
1564 448 1617 488 de
1637 454 1759 486 3482-

80 518 229 559 ocioso
263 532 414 573 agens.
476 519 537 561 Et
574 519 763 560 efficiens
799 526 867 561 est
902 533 1032 561 causa
1065 518 1175 568 finis,
1207 519 1310 572 quia
1340 517 1444 560 facit
1475 523 1617 558 totam

82 601 187 637 rem,
209 587 320 629 dans
342 588 381 628 ei
405 602 533 642 posse
555 589 849 642 consequendi
869 588 1000 630 finem
1017 602 1157 639 suum,
1174 595 1218 630 et
1239 588 1378 629 forma
1399 594 1466 629 est
1487 599 1619 628 causa

83 654 265 698 materie
285 664 329 698 et
351 672 375 699 e
397 671 607 699 converso
630 664 679 698 ut
700 658 804 700 dicit
827 659 1053 712 Averroys
1075 658 1178 712 quia
1200 657 1339 699 forma
1359 669 1448 698 non
1470 662 1618 710 potest

81 741 177 768 esse
202 727 295 768 sine
326 727 509 769 materia
529 734 574 769 et
602 740 626 767 e
655 740 877 769 converso.
940 727 1000 769 Et
1031 729 1148 769 idern
1182 732 1330 780 potest
1361 739 1492 767 causa
1523 738 1618 766 esse

81 796 410 848 contrariorum,
432 810 534 838 nam
557 802 693 838 nauta
718 810 797 850 per
825 797 890 838 sui
918 796 1186 850 presenciam
1209 803 1275 837 est
1303 810 1433 836 causa
1455 794 1619 841 salutis,

83 872 126 906 et
158 879 237 920 per
267 866 333 906 sui
360 866 610 908 absenciam
641 871 708 907 est
738 880 870 908 causa
898 865 1088 921 periculi,
1111 873 1154 907 et
1181 866 1496 907 contrariorum
1516 877 1619 905 con-

81 935 215 976 trarie
250 941 436 990 possunt
473 949 565 977 esse
605 948 746 984 cause,
782 941 829 976 ut
870 934 1060 977 calidum
1101 941 1166 976 est
1207 948 1337 976 causa
1378 933 1533 975 caloris
1575 939 1620 974 et

82 1004 217 1059 frigus
254 1004 433 1060 frigoris.
497 1005 559 1047 Et
600 1005 734 1053 idem,
770 1018 950 1046 manens
987 1005 1118 1054 idem,
1155 1017 1328 1058 semper
1363 1009 1516 1045 natum
1554 1008 1619 1044 est

83 1073 227 1115 facere
255 1075 386 1123 idem,
416 1080 466 1115 ut
486 1073 752 1116 Aristoteles
781 1075 886 1115 dicit
914 1074 957 1114 in
981 1073 1065 1115 fine
1085 1073 1153 1114 De
1179 1072 1475 1122 szeracione,
1503 1072 1620 1113 unde

82 1157 217 1197 agens
243 1151 438 1186 creatum
466 1144 501 1184 si
534 1157 622 1185 non
643 1144 836 1186 variatur
867 1157 945 1198 per
976 1144 1226 1185 absenciam
1259 1150 1303 1185 et
1335 1142 1619 1196 presenciam,

84 1227 161 1254 nec
198 1212 285 1255 alio
328 1213 462 1255 modo
497 1214 540 1254 in
581 1213 845 1264 substancia,
882 1227 960 1254 nec
1003 1214 1045 1253 in
1088 1213 1221 1254 modo
1259 1213 1427 1266 agendi,
1463 1225 1542 1252 nec
1577 1211 1620 1251 in

83 1289 296 1336 tempore,
332 1296 409 1324 nec
443 1298 469 1325 a
501 1289 627 1337 parte
665 1283 860 1334 materie,
890 1282 994 1325 facit
1029 1296 1203 1337 semper
1235 1282 1365 1334 idem,
1396 1287 1440 1321 et
1470 1288 1620 1322 tamen

59 1375 63 1378 ·
83 1365 161 1405 per
182 1352 457 1394 diversitates
479 1352 619 1394 dictas
639 1352 742 1394 facit
764 1353 933 1393 diversa
955 1359 1003 1394 ut
1025 1366 1102 1406 per
1123 1351 1420 1393 diversitatem
1441 1350 1622 1390 materie

26 1583 65 1604 20

27 2277 67 2307 30

82 1421 186 1463 facit
223 1421 422 1472 diversa3
464 1427 512 1463 ut
542 1421 609 1463 sol
638 1422 897 1475 constringit
934 1422 1075 1462 lutum
1108 1428 1151 1462 et
1187 1420 1387 1462 dissolvit
1423 1419 1621 1473 glaciem.

85 1491 146 1531 Et
185 1491 331 1544 plures
366 1504 495 1532 cause
531 1497 714 1545 possunt
751 1505 845 1532 esse
881 1490 1092 1544 ejusdem,
1126 1496 1174 1531 ut
1211 1496 1355 1531 motus
1390 1495 1434 1530 et
1468 1488 1546 1528 lux
1579 1494 1623 1528 et

83 1559 275 1601 calidum
311 1567 412 1601 sunt
447 1574 576 1601 cause
616 1560 783 1610 caloris,
825 1560 928 1613 quia
969 1566 1105 1613 agunt
1143 1573 1220 1613 per
1254 1572 1390 1599 unum
1427 1558 1623 1609 modum,

83 1628 246 1671 scilicet
268 1643 346 1684 per
363 1629 700 1671 rarefaccionem
725 1629 931 1678 materie;
964 1636 1009 1670 et
1032 1628 1261 1668 rarefaccio
1279 1634 1344 1668 est
1367 1627 1624 1668 immediata

83 1698 319 1753 disposicio
350 1700 408 1741 ad
438 1698 643 1741 calorem.
707 1698 767 1739 Et
799 1711 884 1740 una
916 1711 982 1738 res
1015 1703 1158 1752 potest
1192 1710 1283 1737 esse
1314 1697 1356 1736 in
1390 1696 1623 1749 generibus

82 1767 280 1821 pluribus
316 1782 562 1819 causarum,
600 1775 648 1809 ut
684 1781 833 1808 semen
870 1767 1006 1821 patris
1046 1773 1111 1808 est
1152 1765 1342 1807 efficiens
1379 1765 1623 1816 embrionis,

82 1844 126 1879 et
156 1845 222 1880 est
254 1838 440 1880 materia
471 1838 718 1892 spirituum.
779 1837 839 1878 Et
872 1837 928 1878 ad
960 1837 1147 1877 efficiens
1177 1836 1443 1877 reducuntur
1473 1835 1623 1876 omnia

46 1931 62 1961 5
84 1919 170 1959 que
194 1906 351 1960 juvant
372 1908 428 1948 ad
450 1907 683 1958 accionem,
705 1913 754 1948 ut
782 1912 884 1948 sunt
906 1907 1106 1960 potencie
1128 1904 1346 1946 naturales
1368 1904 1411 1944 in
1432 1905 1622 1945 secunda

83 1977 228 2030 specie
269 1976 503 2030 qualitatis,
544 1990 631 2031 que
671 1981 773 2017 sunt
813 1976 937 2030 quasi
979 1975 1269 2016 instrumenta
1311 1973 1538 2025 artificum,
1579 1979 1624 2014 et

83 2046 304 2087 elementa
332 2052 435 2087 sunt
464 2047 755 2087 instrumenta
783 2044 1006 2086 stellarum
1036 2045 1080 2084 in
1108 2044 1314 2098 operibus
1340 2043 1624 2092 naturalibus,

84 2122 127 2156 et
151 2114 350 2156 similiter
372 2114 521 2156 omnia
541 2128 628 2168 que
657 2128 833 2155 annexa
861 2120 962 2155 sunt
989 2113 1084 2154 aliis
1112 2113 1252 2153 causis
1280 2112 1545 2153 reducuntur
1568 2112 1625 2152 ad

85 2197 171 2233 eas,
203 2190 250 2224 ut
278 2183 454 2237 sanguis
483 2190 729 2225 menstruus
757 2197 857 2223 cum
886 2183 1051 2224 semine
1078 2183 1242 2231 matris,
1267 2188 1312 2223 et
1332 2181 1530 2222 vitellum
1553 2180 1625 2221 ovi

85 2266 185 2294 curn
231 2252 482 2304 albumine3
539 2266 640 2294 nam
682 2253 858 2306 sanguis
899 2259 1144 2293 menstruus
1172 2250 1270 2306 lest
1309 2251 1624 2291 nutrimentum
1644 2256 1768 2297 34b1-

87 2322 335 2372 embrionis,
367 2328 411 2363 et
441 2320 638 2362 vitellum
666 2321 785 2376 pulli,
815 2329 860 2363 et
891 2322 952 2363 sic
984 2327 1050 2362 est
1071 2335 1097 2362 a
1119 2327 1241 2374 parte
1272 2320 1411 2361 forme
1442 2326 1486 2361 et
1518 2319 1626 2371 finis,

86 2392 205 2446 quod
227 2404 404 2432 annexa
425 2391 487 2432 eis
509 2391 778 2432 reducuntur
794 2392 850 2432 ad
867 2391 1085 2432 racionem
1102 2403 1231 2431 cause
1252 2389 1296 2430 in
1318 2390 1390 2430 eis.
1451 2389 1512 2430 Et
1530 2388 1626 2430 finis

87 2469 152 2503 est
190 2460 381 2502 nobilior
417 2473 660 2512 causarum,
702 2460 806 2514 quia
839 2459 989 2501 omnia
1025 2459 1284 2500 ordinantur
1318 2459 1361 2499 in
1399 2458 1546 2511 finem,
1581 2464 1626 2500 et

87 2531 275 2572 efficiens
298 2537 363 2572 est
388 2529 578 2571 nobilius
600 2529 741 2571 forma
763 2535 807 2570 et
837 2529 1032 2579 materia,
1054 2529 1156 2582 quia
1177 2529 1254 2570 dat
1275 2529 1335 2569 eis
1360 2542 1463 2578 esse,
1486 2534 1626 2569 trans-

133 2642 147 2663 1
175 2631 318 2663 formale
334 2642 400 2663 om.
418 2631 453 2662 F
617 2640 637 2670 5
662 2630 704 2662 Et
720 2641 786 2661 om.
805 2630 840 2661 D
993 2631 1056 2669 7-8
1080 2634 1116 2660 ut
1132 2629 1213 2661 dicit
1230 2653 1238 2662 .
1258 2654 1266 2662 .
1286 2654 1293 2661 .
1313 2640 1482 2661 converso
1500 2641 1566 2661 om.
1586 2628 1629 2660 M

87 2696 104 2724 7
128 2690 162 2716 et
179 2695 199 2716 e
216 2694 381 2715 converso
397 2695 464 2715 om.
482 2683 515 2714 F
645 2693 685 2714 10
708 2683 957 2714 contrariorum
974 2693 1040 2713 om.
1057 2682 1092 2712 D
1221 2692 1259 2721 14
1282 2681 1448 2723 variatur]
1465 2682 1575 2714 variat
1591 2682 1626 2713 D

85 2743 120 2768 et
136 2736 350 2778 presenciam
367 2747 432 2768 om.
451 2736 487 2766 D
652 2737 691 2766 16
715 2735 752 2776 a]
771 2737 806 2767 in
822 2735 858 2766 D
1015 2745 1052 2775 17
1077 2735 1130 2777 ut]
1147 2741 1205 2767 aut
1222 2735 1257 2765 D
1413 2736 1452 2766 18
1476 2734 1528 2776 ut]
1547 2741 1581 2767 et
1597 2735 1631 2766 F

86 2800 125 2821 21
153 2788 354 2831 rarefaccio]
374 2799 436 2830 per
452 2788 718 2821 raresaccionem
735 2788 769 2819 F
1034 2798 1138 2829 30-31
1165 2789 1304 2829 sanguis
1321 2811 1330 2820 .
1349 2812 1358 2820 .
1404 2788 1486 2830 pulli
1502 2799 1570 2821 om.
1590 2789 1625 2819 D

49 2869 54 2872 .
85 2852 128 2882 33
153 2841 204 2885 in]
220 2842 264 2873 ad
280 2841 316 2872 D
