1934 3152
823 162 880 206 45

75 268 305 320 infinitum,
327 274 393 310 set
416 274 564 310 tamen
587 269 753 322 species
768 268 987 309 debilitari
1002 267 1176 308 videtur
1193 280 1251 307 ex
1274 267 1496 309 distancia.
1552 267 1620 307 De

75 338 159 381 hoc
182 338 316 393 igitur
339 338 685 392 methaphisicus
711 338 845 379 habet
868 337 1109 379 certificare
1131 336 1260 378 solus.

136 408 206 449 De
236 408 387 462 spacio
414 422 518 449 vero
548 422 688 450 vacuo
716 414 885 449 certum
909 414 987 456 est,
1009 407 1129 460 quod
1154 406 1190 447 si
1218 412 1343 455 esset,
1365 419 1452 446 non
1477 405 1619 445 multi-

75 477 256 532 plicaret
285 492 332 519 se
362 477 543 531 species,
565 478 669 531 quia
700 478 779 519 hec
814 476 1127 531 multiplicacio
1158 482 1224 517 est
1253 476 1372 517 accio
1395 474 1617 524 naturalis,

37 554 120 600 5et
161 548 261 590 ideo
303 561 391 589 non
432 554 580 603 potest
623 546 712 588 fieri
756 547 835 588 nisi
875 547 919 587 in
958 547 1105 588 medio
1140 546 1343 596 naturali,
1379 558 1459 586 nec
1496 543 1620 589 stelle

73 623 260 672 possunt
283 616 574 671 multiplicare
596 618 788 672 speciem
811 623 952 668 extra,
975 615 1089 657 ultra
1117 599 1272 665 cellum,
1305 614 1410 668 quia
1441 614 1500 655 ibi
1534 627 1621 655 non

76 694 141 729 est
183 686 304 729 locus
337 700 414 728 nec
447 700 637 728 vacuum
672 687 916 728 secundum
953 685 1242 726 Aristotelem
1283 686 1425 739 primo
1462 682 1553 726 Celz·
1580 689 1625 724 et

75 756 254 806 Mundi,
276 763 344 798 set
373 770 480 811 pure
509 756 653 798 nichil.
715 756 793 798 Set
821 757 863 796 in
891 755 1055 797 nichilo
1085 768 1170 796 non
1200 761 1349 809 potest
1380 753 1471 795 fieri
1501 754 1620 795 accio

76 826 298 869 naturalis.

17 911 57 935 10
136 895 379 950 Quomodo
405 895 654 937 substancie
686 895 947 949 spirituales,
971 901 1018 936 ut
1046 895 1192 936 anime
1223 901 1267 936 et
1289 893 1434 949 angeli
1458 893 1620 935 faciunt

75 967 242 1020 species
263 967 307 1008 in
329 967 595 1021 corporibus,
619 972 662 1007 et
685 979 741 1006 an
764 965 974 1019 recipiant
998 979 1023 1006 a
1044 965 1302 1019 corporibus
1321 971 1365 1006 et
1381 965 1621 1018 quomodo,

11 1070 15 1076 .
76 1051 165 1079 non
205 1037 428 1092 pertinent
469 1037 526 1078 ad
561 1035 807 1077 naturalem
850 1035 1163 1090 philosophum
1207 1036 1284 1076 sed
1328 1035 1408 1076 soli
1452 1034 1622 1075 metha-

77 1107 248 1162 phisico
271 1113 559 1150 reservantur.

133 1252 371 1294 Dislz'nctz'o
411 1257 472 1303 4⁰⁶.
548 1252 599 1293 de
648 1252 861 1292 varietate
911 1252 1092 1293 accionis
1144 1252 1365 1294 naturalis
1405 1261 1490 1306 per
1523 1265 1620 1305 geo-
1645 1267 1679 1289 [2
1698 1269 1718 1289 a
1737 1267 1765 1289 2.

16 1339 55 1372 15
76 1322 293 1372 metrz'mn.
356 1315 541 1364 Habeas*
555 1321 747 1377 capitula
767 1322 863 1363 dno.

139 1392 388 1446 Capitulum
400 1393 614 1447 primum.

136 1485 236 1526 Hiis
268 1485 555 1526 consideratis
586 1484 703 1526 circa
735 1483 1167 1537 multiplicacionem‚
1205 1489 1307 1524 sunt
1336 1482 1484 1541 aliqua
1521 1496 1622 1524 con-

76 1555 311 1597 sideranda
344 1556 455 1596 circa
491 1555 717 1596 accionem
759 1553 1024 1595 ulteriorem.
1108 1554 1227 1594 Nam
1271 1553 1348 1594 lux
1391 1568 1468 1608 per
1504 1554 1620 1594 viam

77 1624 461 1679 multiplicacionis
504 1639 579 1666 sue
613 1624 715 1665 facit
757 1624 945 1678 speciem
988 1623 1266 1674 luminosam,
1301 1629 1345 1663 et
1378 1623 1458 1664 hec
1500 1623 1621 1664 accio

17 1711 58 1735 20
76 1695 236 1737 dicitur
269 1695 466 1747 univoca,
500 1694 604 1749 quia
638 1694 817 1735 effectus
853 1699 919 1735 est
961 1693 1183 1741 univocus,
1218 1699 1261 1734 et
1297 1693 1539 1746 unigenius‚
1574 1700 1619 1734 et

76 1764 312 1806 conformis
340 1765 502 1820 agenti.
566 1763 646 1806 Set
671 1764 758 1820 alia
788 1770 855 1804 est
887 1763 1202 1817 multiplicacio
1226 1763 1447 1817 equivoca,
1470 1769 1517 1804 ut
1541 1763 1618 1803 lux

75 1841 256 1888 generat
271 1835 474 1885 calorem,
489 1827 533 1876 et
547 1833 664 1886 calor
680 1832 1118 1888 putrefaccionem,et
1135 1832 1402 1887 putrefaccio
1418 1839 1618 1881 mortem,

76 1910 120 1945 et
153 1904 304 1945 vinum
337 1904 540 1954 inebriat,
576 1910 619 1944 et
655 1903 717 1943 sic
752 1908 817 1946 est
851 1902 907 1943 de
941 1903 1061 1943 omni
1095 1908 1269 1955 agente,
1302 1901 1421 1955 quod
1458 1902 1620 1944 multos

76 1972 258 2015 effectus
280 1973 384 2015 facit
408 1980 551 2027 preter
572 1973 764 2027 speciem
795 1964 921 2012 suam
953 1978 998 2013 et
1029 1970 1236 2012 virtutem
1266 1970 1348 2012 sibi
1374 1971 1617 2012 univocam.
1680 2006 1683 2009 .

17 2059 55 2093 25
78 2043 137 2084 Et
159 2043 220 2084 sic
242 2042 307 2084 sol
331 2050 375 2085 et
397 2043 523 2084 stelle
544 2042 711 2084 faciunt
728 2041 884 2082 omnia
907 2040 975 2082 hic
999 2040 1187 2091 inferius,
1205 2045 1249 2081 et
1272 2040 1415 2094 angeli
1440 2048 1618 2082 movent

77 2112 194 2154 celos
231 2112 472 2169 etstellas,
507 2112 654 2153 anima
686 2124 844 2165 corpus
881 2124 1036 2151 suum:
1084 2110 1220 2151 virtus
1257 2106 1406 2151 tamen
1446 2111 1616 2165 agentis

77 2181 180 2224 facit
218 2178 366 2223 omnia
400 2182 496 2232 ista,
530 2188 573 2222 et
606 2181 686 2236 hec
729 2186 795 2221 est
828 2179 1051 2234 completa
1091 2179 1211 2221 accio
1253 2180 1423 2233 agentis
1458 2186 1501 2220 et
1538 2193 1615 2221 sue

75 2252 262 2302 virtutis,
278 2265 329 2292 ac
351 2266 376 2293 a
399 2259 556 2304 natura
578 2249 765 2291 finaliter
787 2250 1046 2290 desiderata.
1112 2249 1182 2290 De
1204 2249 1286 2291 hac
1300 2249 1431 2304 igitur
1443 2250 1621 2290 accione

76 2321 381 2363 considerandi
416 2327 517 2361 sunt
553 2319 687 2373 aliqui
717 2332 904 2360 canones
935 2332 1011 2360 seu
1045 2318 1206 2372 regule,
1233 2324 1278 2361 et
1310 2326 1490 2373 propter
1521 2331 1618 2359 eam

122 2426 185 2465 7—8
210 2427 292 2456 Geli
309 2429 346 2455 et
365 2422 520 2464 Mundi]
539 2423 559 2454 l.
581 2422 602 2462 i,
622 2432 649 2457 c>
669 2432 713 2462 99
733 2422 740 2438 ‘
756 2420 798 2451 Et
816 2421 918 2452 etiam
936 2421 1049 2451 nullus
1068 2420 1161 2452 locus
1178 2426 1230 2453 est
1251 2426 1349 2452 extra
1363 2421 1488 2460 coelum
1507 2431 1619 2461 neque

76 2478 202 2518 plenus
213 2487 326 2517 neque
340 2487 477 2517 vacuus,
493 2485 603 2516 neque
616 2472 772 2515 tempus)
842 2474 881 2504 16
898 2475 984 2505 Hfis
994 2475 1242 2506 consideratis
1256 2498 1264 2506 .
1281 2498 1288 2506 .
1305 2473 1332 2515 .]
1346 2473 1493 2513 Bridges
1506 2474 1527 2506 i.
1547 2483 1617 2514 119.

123 2577 185 2598 1—2
210 2568 264 2598 De
282 2592 289 2599 .
310 2591 318 2598 .
339 2593 344 2598 .
362 2567 457 2598 solus
475 2577 541 2597 om.
557 2564 592 2595 D
739 2564 760 2593 6
774 2550 870 2593 'ultra
887 2572 954 2594 om.
969 2562 1004 2592 D
1109 2564 1194 2605 non]
1212 2573 1274 2595 nec
1291 2563 1325 2594 F
1461 2564 1482 2594 8
1507 2563 1568 2595 Set
1584 2563 1618 2593 in

77 2620 220 2662 nichilo]
239 2620 335 2652 Sicut
353 2620 386 2650 in
406 2620 461 2650 illo
474 2618 508 2648 D
717 2625 757 2646 10
781 2614 910 2655 angeli]
930 2615 1072 2655 angelus
1088 2615 1152 2646 FD
1374 2625 1410 2647 11
1435 2615 1617 2656 recipiant]

78 2673 291 2712 recipiuntur
306 2672 341 2703 D
450 2682 487 2702 12
513 2668 701 2711 pertinent]
721 2667 915 2708 pertinebat
932 2667 966 2697 D
1057 2678 1096 2708 13
1120 2668 1353 2710 reservantur]
1373 2673 1568 2699 reservatur
1583 2667 1619 2698 D

80 2726 188 2764 14-16
214 2725 266 2756 De
284 2750 291 2757 .
311 2749 318 2756 .
339 2749 346 2756 .
367 2725 512 2765 primum
537 2733 601 2755 om.
618 2722 660 2752 M
830 2728 867 2758 15
883 2719 952 2751 duo
963 2721 1011 2751 F:
1035 2721 1146 2752 triaD
1307 2744 1311 2747 x
1340 2722 1378 2752 18
1403 2720 1617 2761 ulteriorem]

77 2778 271 2809 alteriorem
289 2777 322 2808 D
448 2787 491 2807 20
515 2774 695 2816 unigenius
711 2772 762 2813 et]
781 2772 970 2811 unigeneus
987 2773 1020 2803 F
1138 2783 1180 2804 22
1205 2778 1240 2805 et
1256 2773 1366 2814 calor]
1383 2779 1437 2805 set
1454 2773 1546 2804 calor
1558 2772 1621 2803 FD

76 2841 119 2870 24
144 2828 341 2871 univocam]
360 2830 493 2861 unicam
512 2829 546 2859 D
745 2834 786 2864 25
811 2823 876 2865 Sic]
895 2823 925 2856 Si
942 2825 975 2855 F
1166 2827 1208 2857 26
1231 2825 1361 2867 anima]
1379 2831 1413 2857 et
1429 2826 1541 2857 anima
1557 2825 1620 2856 FD

77 2883 120 2914 28
144 2882 224 2924 hae]
243 2883 362 2915 harum
379 2883 412 2913 F
