1934 3152
1036 105 1093 149 30

292 212 443 254 mundi
481 210 531 252 fit
564 210 723 252 fraccio
760 209 872 250 ultra
910 209 1127 251 incessum
1162 215 1345 260 rectum,
1381 209 1644 252 declinando
1675 223 1702 250 a
1733 222 1832 262 per-

291 280 575 337 pendiculari,
617 287 661 321 et
695 280 756 320 ita
793 285 859 320 est
895 280 1249 334 quandocunque
1285 293 1443 334 corpus
1479 280 1720 321 secundum
1766 284 1834 319 est

290 352 506 403 subtilius,
535 357 584 391 ut
615 355 739 404 patet
772 349 814 389 in
851 348 993 403 figura
1025 356 1118 390 tam
1151 349 1195 390 in
1228 350 1370 403 planis
1402 364 1534 404 quam
1567 350 1610 390 in
1642 348 1833 403 spericis‚

290 423 400 463 sicut
422 422 586 462 docent
609 426 785 460 autores
807 419 1004 472 predicti,
1031 426 1076 461 et
1093 419 1205 460 sicut
1224 420 1343 461 varie
1364 420 1640 474 experiencie
1661 419 1833 460 docent.

289 492 408 533 Nam
442 491 610 545 species
647 489 707 530 rei
739 488 928 542 jacentis
965 489 1082 530 circa
1122 495 1322 531 centrum
1360 503 1486 544 spere
1521 503 1650 543 aque,
1680 494 1728 530 ut
1765 487 1872 538 ab,5

289 562 420 616 piscis
440 561 508 602 vel
538 559 734 608 baculus,
754 572 853 599 cum
875 558 998 600 venit
1026 559 1083 600 ad
1107 572 1253 600 aerem
1283 573 1371 600 non
1398 558 1831 614 perpendiculariter,

287 632 450 685 recepit
473 632 689 672 incessum
712 635 881 670 rectum
905 629 948 668 in
973 629 1120 670 medio
1142 630 1206 670 sui
1237 635 1281 671 et
1302 629 1679 684 perpendicularis
1700 630 1832 670 ducte

288 703 330 743 in
354 716 453 743 aere
475 716 500 742 a
530 701 629 742 loco
657 698 894 748 fraccionis‚
916 712 1018 740 nam
1048 714 1076 740 a
1107 699 1210 741 facit
1238 700 1428 753 speciem
1459 714 1584 742 suam
1616 713 1704 741 non
1735 713 1831 754 per-

287 771 615 827 pendicularem
652 782 783 823 super
813 782 959 809 aerem
1010 782 1062 810 eo
1095 770 1215 823 quod
1247 783 1335 825 non
1367 770 1484 811 cadit
1515 784 1572 825 ag
1602 770 1751 812 radius
1788 771 1830 812 in

998 2059 1080 2090 Flo.
1101 2066 1129 2097 3.

291 2166 487 2202 centrum
509 2160 632 2209 aeris,
649 2162 768 2214 quod
790 2167 855 2202 est
868 2161 914 2214 f,
932 2161 1035 2214 quia
1056 2168 1123 2203 est
1146 2161 1262 2202 idem
1284 2167 1483 2202 centrum
1505 2174 1632 2216 spere
1652 2159 1764 2202 aeris
1786 2165 1829 2201 et
1854 2179 1894 2202 10

291 2243 405 2283 aque
433 2237 476 2271 et
505 2231 703 2272 omniurn
726 2244 959 2285 corporum
983 2231 1153 2281 mundi,
1175 2237 1219 2272 et
1241 2231 1342 2272 ideo
1364 2230 1577 2286 frangitur
1597 2231 1764 2285 species
1787 2231 1829 2272 in

170 2301 226 2332 Sb
245 2310 273 2332 2-
293 2305 457 2352 puncto
487 2299 527 2348 d,
558 2307 602 2341 et
633 2314 720 2342 non
753 2301 875 2342 vadit
909 2301 951 2341 in
975 2315 1014 2355 g
1050 2300 1054 2356 Ι
1096 2308 1162 2343 set
1194 2301 1385 2343 declinat
1413 2301 1470 2342 ad
1492 2314 1526 2351 e,
1559 2307 1609 2342 ut
1626 2301 1832 2347 ‘incessus

293 2376 436 2409 rectus
457 2370 514 2410 sit
537 2370 648 2410 inter
676 2369 938 2411 fraccionem
967 2377 1011 2411 et
1039 2370 1447 2424 perpendicularem
1476 2371 1655 2412 ductam
1687 2384 1713 2410 a
1735 2370 1832 2411 loco

295 2436 536 2490 fraccionis‚
567 2452 653 2491 que
684 2446 750 2480 est
781 2440 837 2493 cf,
869 2453 972 2480 nam
1003 2441 1126 2481 vadit
1159 2441 1201 2481 in
1239 2447 1438 2483 centrum
1470 2441 1595 2482 aeris.
1670 2439 1730 2481 Et
1767 2439 1832 2479 sic

293 2506 418 2548 fieret
440 2510 617 2561 quando
634 2509 800 2550 veniret
822 2509 989 2563 species
1012 2511 1067 2551 ad
1085 2509 1359 2564 superficiem
1383 2508 1477 2560 celi,
1499 2516 1543 2551 et
1563 2508 1763 2550 similiter
1788 2509 1830 2548 in
1855 2527 1892 2559 ¹5

293 2575 446 2630 planis.
525 2577 642 2618 Nam
679 2578 734 2619 sit
776 2577 829 2619 ab
870 2578 1050 2620 baculus
1090 2580 1132 2620 in
1175 2593 1288 2633 aqua
1329 2579 1458 2633 plane
1494 2577 1747 2632 superficiei,
1789 2584 1833 2618 et

294 2659 321 2685 a
343 2644 474 2687 faciat
497 2647 686 2700 speciem
709 2661 831 2688 suam
856 2647 898 2687 in
924 2661 1070 2689 aerem
1092 2662 1179 2689 non
1204 2647 1633 2703 perpendiculariter,
1654 2647 1833 2701 quando

341 2779 355 2799 1
382 2770 504 2801 fraccio
520 2770 607 2802 ultra
623 2770 812 2811 incessum]
831 2771 920 2802 ultra
936 2771 971 2802 D
1104 2773 1125 2803 8
1148 2771 1345 2814 sraecionis]
1366 2771 1546 2804 sraecionis
1563 2776 1597 2803 et
1614 2772 1705 2804 inter
1720 2772 1830 2813 ipsum

292 2821 496 2853 fraccionem
514 2823 549 2853 D
683 2833 721 2863 15
745 2827 778 2854 et
795 2834 859 2855 om.
879 2823 913 2854 F
1041 2826 1147 2865 15-16
1169 2825 1325 2857 similiter
1339 2825 1373 2856 in
1390 2825 1502 2866 planis
1517 2835 1582 2857 om.
1602 2824 1638 2856 D
