1934 3152
92 546 262 585 F.87b1.

1028 88 1084 131 32

287 194 328 234 in
363 192 520 234 eodem
548 197 714 245 puncto
743 205 821 244 per
849 190 1072 244 duplicem
1103 190 1374 233 fraccionem.
1436 190 1517 234 Set
1542 191 1832 247 congregacio

286 262 500 302 luminum
528 267 594 302 est
617 275 747 302 causa
773 260 941 310 caloris,
963 274 1082 314 ergo,
1106 261 1164 301 ibi
1187 260 1263 303 fiet
1291 261 1410 302 calor
1432 261 1706 303 comburens.
1770 263 1831 304 Et

285 329 369 370 hoc
401 336 468 370 est
498 342 667 378 verum,
688 334 735 369 ut
767 333 889 381 patet
921 328 977 368 ad
1010 341 1196 376 sensum,
1229 342 1332 369 narn
1366 329 1401 369 si
1432 336 1682 383 apponatur
1713 343 1834 371 com-

285 398 494 440 bustibile
523 405 572 438 ut
604 397 704 438 lana
731 398 802 438 vel
829 397 1026 438 bombex
1054 398 1122 439 vel
1153 412 1335 451 pannus,
1365 399 1657 441 comburetur.
1718 399 1832 441 Cum
1928 383 1933 438 l

285 469 416 521 igitur
448 468 517 508 hic
547 467 597 508 fit
626 467 889 518 combustio,
917 475 961 508 ct
989 467 1070 508 hec
1104 467 1194 508 fieri
1224 481 1312 509 non
1340 475 1488 522 potest
1516 469 1598 509 nisi
1628 483 1707 522 per
1728 483 1831 511 con-
1854 479 1871 512 5

285 539 592 593 gregacionem
609 539 843 588 radiorum,
861 545 906 579 et
921 538 1030 579 radii
1044 552 1132 580 non
1151 542 1356 594 possunt(
1379 539 1635 594 congregari
1653 539 1735 581 nisi
1754 553 1831 593 per

285 608 508 662 duplicem
538 608 816 657 fraccionem,
844 608 947 661 quia
983 621 1069 649 una
1101 622 1187 649 non
1224 609 1454 659 sufficeret,
1492 623 1571 650 nec
1602 609 1737 651 tercia
1769 623 1833 650 re-

285 679 482 732 quiritur,
526 692 631 732 ergo
673 684 849 732 oportet
889 693 1052 733 ponere
1093 678 1207 720 hanc
1248 680 1506 720 varietatem
1553 678 1836 729 fraccionum,

286 749 406 802 quod
430 755 495 790 est
519 749 718 790 mirabile
740 749 782 789 in
805 748 943 790 oculis
972 749 1238 804 sapientum.
1314 749 1432 790 Nam
1463 749 1580 790 unde
1602 756 1680 799 est,
1709 750 1832 804 quod

1004 1671 1084 1702 Fxo.
1105 1680 1134 1711 5.

293 1787 450 1822 natura
481 1782 541 1824 sic
573 1787 809 1836 operatur?
873 1782 1005 1825 Certe
1036 1782 1168 1823 nichil
1201 1789 1267 1823 est
1294 1782 1535 1836 jocundum
1568 1795 1646 1823 nec
1682 1787 1838 1823 nature
1861 1795 1900 1817 10

294 1865 374 1892 nec
396 1851 625 1903 voluntati,
648 1853 730 1893 nisi
758 1853 878 1907 quod
908 1852 1044 1895 reficit
1065 1853 1263 1902 varietas,
1286 1859 1353 1893 set
1376 1865 1507 1893 cause
1529 1851 1700 1893 occulte
1721 1859 1838 1903 sunt,

295 1935 373 1962 nec
406 1929 582 1976 oportet
614 1924 749 1965 modo
780 1936 933 1964 causas
970 1923 1244 1975 investigare.
1313 1922 1373 1963 Et
1411 1935 1512 1963 cum
1555 1921 1626 1964 hic
1667 1921 1838 1975 duplex

295 1992 454 2032 modus
483 1991 710 2046 frangendi
743 1992 799 2034 sit
833 1993 1093 2047 principium
1128 1994 1170 2032 in
1203 1992 1758 2033 naturalibus·acci0nibus
1793 1997 1840 2033 et

294 2074 436 2110 causa,
458 2062 617 2102 sufficit
639 2076 752 2104 nunc
776 2064 895 2116 quod
927 2076 1003 2117 per
1034 2062 1361 2115 experienciam
1395 2061 1686 2103 certissimam
1719 2061 1837 2102 istud

295 2130 496 2172 mirabile
533 2132 733 2181 sciamus,
772 2140 816 2174 et
847 2133 890 2173 in
922 2133 1209 2185 sequentibus
1245 2131 1329 2173 alie
1366 2131 1644 2186 experiencie
1680 2131 1837 2185 adjun-
1859 2144 1895 2176 15

295 2207 466 2253 gemm,
508 2208 551 2242 et
593 2215 822 2243 causarum
865 2202 1093 2256 inquisicio
1131 2202 1186 2243 ad
1231 2201 1599 2256 methaphisicum
1641 2201 1837 2243 noscitur

296 2272 523 2323 pertinere.

340 2387 411 2426 Fig.
430 2396 460 2425 5.
485 2387 623 2417 omitted
636 2388 670 2417 in
689 2385 737 2418 Μ.

338 2497 359 2526 9
383 2487 594 2528 sapientum]
612 2487 820 2527 sapiencium
837 2487 870 2518 F
1050 2497 1089 2518 10
1113 2491 1164 2518 est
1181 2497 1245 2518 om.
1265 2485 1297 2516 F
1466 2495 1505 2517 12
1531 2485 1572 2516 Et
1591 2482 1683 2524 cum]
1703 2483 1786 2515 Cum
1802 2483 1837 2514 D

297 2548 335 2578 14
361 2539 466 2580 istud]
484 2541 574 2579 quod
592 2540 681 2570 istud
694 2539 730 2570 D
897 2549 934 2579 15
960 2539 1127 2580 mirabile]
1145 2539 1343 2571 miraculum
1356 2538 1388 2569 F
1554 2538 1658 2575 16-17
1683 2536 1837 2568 noscitur

292 2592 482 2634 pertinere]
499 2593 648 2633 pertinet
664 2592 699 2624 D
