1934 3152
156 791 254 815 2a1.

1025 105 1083 143 44

278 212 320 252 in
351 224 440 266 quo
470 215 537 252 est
561 224 664 252 vera
692 209 866 251 mixtio.
935 208 1050 251 Item
1082 208 1388 262 intelliguntur
1420 195 1683 250 autoritates,
1710 208 1832 262 quod

277 281 522 336 specierum
555 280 752 322 confusio
785 293 872 321 non
905 279 1091 334 impedit
1125 279 1457 321 distinccionem
1493 279 1625 332 visus,
1654 285 1697 320 et
1729 277 1832 319 ideo

279 343 525 406 specierum
554 340 785 393 distinccio
808 363 896 391 non
919 357 986 392 est
1008 350 1051 390 in
1074 364 1120 391 se
1142 350 1186 390 in
1209 350 1367 391 eodem
1391 355 1574 404 puncto,
1596 338 1677 391 set*
1693 361 1834 402 quan-

276 429 372 464 tum
395 422 452 463 ad
476 421 683 463 effectum
701 435 844 469 suum,
869 420 943 474 qui
966 427 1032 461 est
1055 420 1261 462 distincta
1277 420 1401 461 visio.
1446 419 1573 461 Sicut
1588 418 1653 460 sol
1671 418 1831 460 dicitur

283 492 451 535 calidus
473 505 562 533 non
585 492 628 531 in
654 504 701 532 se
722 491 890 532 habens
912 490 1187 532 caliditatem
1210 497 1278 531 set
1301 490 1514 532 effective.
1569 488 1649 531 Set
1671 489 1830 530 horum

278 562 497 617 profunda
523 559 788 604 certificacio
811 575 869 602 ex
893 560 1224 615 Methaphisica
1246 561 1505 614 requiratur.

337 632 525 674 Constat
555 645 659 673 vero
691 633 810 685 quod
843 631 1092 685 specierum
1120 631 1435 686 multiplicacio
1462 638 1528 672 est
1558 630 1602 671 in
1628 636 1832 684 tempore

276 704 378 745 licet
414 702 748 757 imperceptibili,
780 703 900 756 quod
934 716 960 744 a
997 702 1148 744 multis
1187 702 1414 744 autoribus
1442 706 1627 744 vocatur
1662 701 1833 742 instans

275 780 457 829 propter
490 773 557 815 sui
592 773 873 815 brevitatem.
952 771 1087 827 Quod
1123 772 1240 814 enim
1276 773 1555 815 ‘Aristoteles
1596 771 1601 827 Ι
1642 771 1751 813 dicit
1788 769 1832 810 in

274 844 386 885 libro
422 842 491 885 De
526 843 670 885 Sensu
704 850 748 885 et
785 843 972 885 Sensato
1010 843 1053 884 in
1090 843 1172 884 hac
1210 843 1443 897 questione
1478 843 1598 897 quod
1632 843 1706 884 de*
1733 840 1832 882 luce

273 914 413 956 altera
445 914 564 956 racio
595 920 661 955 est
691 927 827 967 quam
855 915 909 955 de
939 913 1035 955 aliis
1066 914 1254 966 duobus,
1274 907 1452 965 scilicet,
1475 913 1613 955 odore
1641 918 1686 954 et
1708 924 1831 962 sono,

272 998 426 1026 verum
460 990 539 1035 est,
561 984 665 1039 quia
697 984 915 1025 successio
948 984 991 1025 in
1024 983 1121 1026 luce
1149 991 1216 1026 est
1249 998 1306 1025 ex
1337 984 1463 1025 unica
1486 996 1619 1024 causa
1640 988 1832 1032 tantum,

273 1054 455 1105 scilicet,
479 1069 537 1096 ex
569 1068 702 1096 causa
734 1054 981 1106 universali,
1014 1055 1191 1106 scilicet,
1218 1055 1340 1108 quod
1373 1061 1530 1095 natura
1562 1065 1650 1094 non
1681 1057 1832 1107 potest

275 1138 406 1179 agere
428 1124 472 1165 in
493 1124 674 1166 instanti
697 1138 797 1166 curn
822 1125 878 1167 sit
900 1125 1039 1166 virtus
1062 1124 1185 1166 finita
1204 1139 1213 1176 3
1246 1124 1339 1166 sola
1361 1125 1476 1165 enim
1498 1123 1638 1165 virtus
1659 1121 1832 1163 infinita

275 1201 426 1250 potest
467 1208 600 1249 agere
642 1195 686 1236 in
724 1195 926 1247 instanti,
969 1202 1016 1237 ut
1059 1201 1184 1250 patet
1232 1209 1290 1236 ex
1334 1193 1581 1236 Aristotele
1623 1193 1667 1234 in
1699 1198 1832 1234 sexto

278 1265 559 1307 Plzisicorum
587 1271 630 1306 et
652 1272 811 1307 octavo
836 1265 879 1306 in
902 1265 1001 1314 fine,
1024 1274 1090 1307 set
1122 1266 1165 1307 in
1191 1265 1287 1307 aliis
1317 1265 1562 1319 speciebus,
1586 1263 1764 1314 scilicet,
1788 1262 1832 1303 in

229 1349 238 1355 ¹
274 1335 412 1377 odore
435 1341 479 1376 et
502 1349 624 1387 sono,
642 1348 732 1377 non
750 1343 815 1378 est
839 1337 982 1378 solum
1004 1336 1083 1377 hec
1101 1350 1246 1386 causa,
1264 1342 1331 1377 set
1354 1334 1592 1389 multiplex
1609 1333 1711 1383 alia,
1728 1333 1833 1387 quia

275 1407 319 1447 in
341 1420 452 1448 sono
474 1411 519 1447 et
542 1406 692 1457 odore,
716 1406 772 1448 de
795 1397 956 1460 quibus
979 1407 1039 1448 ibi
1062 1407 1270 1461 loquitur,
1295 1413 1361 1448 est
1383 1404 1602 1447 successio
1624 1418 1682 1446 ex
1706 1406 1831 1445 motu

275 1475 402 1517 locali
426 1475 550 1526 aeris,
575 1482 623 1517 ut
646 1476 691 1517 in
705 1476 800 1518 soni
817 1465 1123 1532 generacione,
1141 1490 1227 1530 que
1242 1476 1291 1517 fit
1307 1490 1405 1517 cum
1424 1483 1618 1517 tremore
1634 1473 1831 1528 parcium

275 1547 400 1597 aeris,
422 1552 466 1587 et
499 1547 542 1587 in
575 1548 711 1588 odore
743 1554 924 1602 propter
955 1548 1298 1603 evaporaciones
1324 1545 1506 1588 subtiles
1535 1558 1622 1599 que
1650 1550 1831 1586 currunt

275 1623 380 1658 cum
413 1616 647 1670 speciebus
682 1618 940 1668 successive,
975 1625 1019 1659 et
1060 1624 1242 1673 propter
1281 1616 1545 1672 g1ossiorem
1590 1622 1635 1657 et
1675 1628 1830 1668 corpu-

276 1686 511 1728 lenciorem
549 1693 752 1729 naturam
789 1688 951 1744 speciei
990 1689 1139 1730 odoris
1173 1701 1307 1742 quam
1343 1686 1465 1763 lucis,
1508 1686 1626 1727 unde
1663 1685 1832 1728 tardius

276 1755 603 1810 multiplicatur,
626 1764 670 1800 et
693 1758 794 1800 ideo
817 1765 883 1800 est
905 1759 1167 1800 differencia.

337 1825 587 1868 Estimatur
624 1841 728 1869 vero
763 1829 880 1882 quod
918 1828 952 1868 si
985 1828 1170 1870 materia
1203 1834 1319 1869 esset
1353 1828 1530 1881 ydonea
1567 1832 1755 1868 extensa
1788 1825 1832 1866 in

280 1895 515 1947 infinitum,
563 1897 733 1952 species
782 1905 934 1953 posset
980 1898 1265 1955 multiplicari
1309 1898 1352 1938 in
1395 1896 1630 1944 infinitum,
1663 1896 1707 1937 id
1749 1902 1832 1945 est,

278 1979 365 2007 non
410 1971 585 2008 tantum
629 1968 735 2021 quin
778 1968 905 2016 ultra,
943 1968 1056 2011 sicut
1088 1967 1355 2010 Aristoteles
1388 1967 1512 2010 dicit·
1538 1966 1732 2009 secundo
1765 1964 1834 2006 De

281 2035 459 2086 Anima,
491 2039 610 2091 quod
646 2039 681 2079 si
718 2039 901 2092 materia
936 2045 1050 2081 esset
1085 2038 1421 2088 combustibilis,
1454 2037 1565 2090 ignis
1602 2042 1756 2091 ageret
1789 2034 1833 2076 in

324 2208 364 2230 10
388 2201 444 2231 De
465 2202 589 2231 Sensu
606 2205 645 2232 et
664 2200 841 2242 sensato]
861 2211 888 2233 c.
908 2210 919 2232 1
941 2203 948 2218 ¹
967 2200 1101 2232 Horum
1119 2206 1231 2232 autem
1250 2201 1402 2241 ipsorum
1419 2200 1462 2232 ad
1480 2198 1676 2231 necessaria
1693 2198 1834 2245 quidem

283 2256 374 2282 vitae
392 2252 514 2283 melior
531 2257 584 2284 est
602 2253 696 2285 visus
713 2258 748 2284 et
770 2255 958 2285 secundum
976 2264 1024 2294 se,
1044 2255 1085 2285 ad
1108 2246 1320 2285 intellectum¹
1335 2258 1448 2285 autem
1464 2252 1654 2284 secundum
1671 2251 1833 2283 accidens

281 2303 427 2347 auditus.
481 2303 608 2336 Multas
629 2306 718 2337 enim
741 2306 952 2339 differentias
975 2312 1009 2338 et
1031 2307 1245 2338 omnimodas
1267 2306 1359 2338 visus
1376 2306 1557 2337 annuntiat
1573 2305 1737 2346 potentia,
1752 2304 1833 2345 quia

282 2357 396 2387 omnia
429 2367 577 2397 corpora
609 2358 723 2390 colore
756 2360 961 2400 participant
976 2370 984 2397 ;
1022 2360 1067 2391 ita
1105 2365 1141 2391 ut
1179 2364 1212 2391 et
1244 2358 1439 2399 communia
1468 2354 1615 2389 maxime
1647 2367 1710 2398 per
1740 2357 1832 2388 hunc

277 2409 489 2441 sentiantur.’
636 2412 676 2441 16
699 2411 957 2453 Phisieorum]
976 2412 995 2443 l.
1013 2412 1058 2451 vi,
1077 2422 1105 2444 c.
1125 2422 1232 2452 24-32
1248 2422 1255 2451 3
1281 2411 1301 2442 l.
1319 2411 1436 2455 viii‚xc.
1456 2411 1508 2441 86.
1643 2409 1750 2448 26-27
1775 2411 1832 2441 De

279 2460 435 2503 Anima]
454 2461 474 2493 l.
491 2462 523 2502 ii,
539 2473 566 2494 c.
581 2472 619 2501 41
641 2458 873 2503 Atigmentum
893 2464 980 2495 enim
1000 2460 1090 2504 ighis
1107 2469 1159 2496 est
1176 2465 1210 2494 in
1228 2463 1398 2495 infinitum
1417 2464 1495 2494 dum
1514 2461 1752 2494 combustibile
1766 2466 1830 2493 est.

1854 862 1895 885 10

1854 1174 1929 1246 15.s

1851 1557 1898 1590 20'

1854 1918 1893 1951 25

1827 2518 1877 2538 ,κ

331 2618 344 2639 1
375 2608 478 2650 Item]
498 2609 666 2641 Similiter
683 2610 718 2640 D
856 2621 872 2650 7
898 2611 1107 2653 specierum]
1127 2612 1256 2652 speciei
1273 2611 1336 2642 FD
1448 2620 1470 2650 9
1492 2608 1702 2641 Aristoteles
1717 2618 1789 2640 om.
1804 2608 1839 2640 F

286 2670 299 2690 1
311 2670 322 2690 1
350 2660 472 2703 odore]
491 2662 534 2693 de
551 2663 657 2693 odore
673 2662 709 2692 D
882 2669 916 2695 et
933 2663 1034 2706 sono]
1053 2665 1086 2694 in
1104 2674 1190 2696 sono
1207 2663 1240 2694 F
1488 2672 1527 2693 12
1551 2661 1667 2703 unica]
1686 2671 1753 2692 una
1768 2660 1832 2692 FD

286 2721 325 2751 13
349 2713 440 2751 quod
458 2723 525 2745 om.
542 2713 576 2744 F
772 2724 809 2753 14
835 2715 908 2746 sola
927 2740 933 2747 .
953 2739 960 2746 .
983 2740 989 2747 .
1007 2716 1139 2747 infinita
1155 2715 1221 2747 obn.
1239 2715 1273 2746 F
1459 2723 1498 2754 15
1521 2713 1639 2755 sexto]
1657 2714 1775 2754 quinto
1791 2713 1833 2744 M

284 2765 324 2794 16
347 2764 478 2796 scilicet
496 2765 547 2807 in]
566 2766 696 2798 scilicet
714 2766 748 2796 D
887 2769 926 2798 18
951 2767 1011 2808 ex]
1030 2769 1072 2799 de
1091 2768 1126 2798 D
1269 2777 1310 2807 25
1336 2772 1453 2807 posset
1471 2765 1703 2808 multiplicari]
1721 2766 1831 2807 possit

280 2826 322 2848 m.
342 2814 404 2846 M:
429 2817 539 2857 possit
557 2828 594 2849 se
613 2819 838 2858 multiplicare
856 2819 902 2850 F:
928 2826 1045 2859 posset
1063 2820 1287 2860 multiplicare
1301 2819 1336 2849 D
1479 2829 1521 2858 27
1547 2818 1655 2861 esset]
1676 2818 1718 2850 sit
1735 2818 1769 2850 F

1924 2004 1934 2078 i
