1934 3152
176 905 276 939 7:22.

1026 108 1082 148 24

349 245 596 301 Capitulum
625 250 692 299 3¹¹¹.
751 243 803 284 de
832 242 970 284 medio
1001 241 1046 282 in
1078 255 1157 295 quo
1175 239 1240 296 fit
1271 237 1574 293 multzplz'cacz'o
1609 238 1758 294 speciei
1787 245 1830 279 ct

286 317 336 358 de
358 315 713 369 multzplicacione
731 312 964 354 secundum
986 311 1123 353 lineas
1143 317 1295 352 rectas.

349 408 448 449 Hiis
469 406 584 455 visis,
608 405 927 448 consideranda
955 411 1021 445 est
1047 401 1361 458 multiplicacio
1388 401 1548 456 speciei
1575 415 1600 442 a
1629 401 1728 442 loco
1752 414 1830 441 sue

288 477 605 532 generacionis.
680 474 1000 528 Multiplicacio
1042 474 1221 528 quidem
1265 478 1332 514 est
1368 473 1563 526 ⁴quedam
1605 471 1739 522 accio,
1782 475 1831 509 ut

290 551 368 591 lux
402 553 585 603 generat
627 545 818 600 speciem
856 544 981 595 lucis,
1017 550 1062 585 et
1096 543 1214 584 calor
1250 543 1440 597 speciem
1480 541 1648 592 caloris,
1690 547 1735 582 et
1771 540 1831 581 sic

289 622 345 662 de
376 618 481 660 aliis.
556 615 635 657 Set
668 614 846 656 ulterior
878 620 944 655 est
977 613 1085 654 lucis
1118 614 1252 664 accio,
1288 619 1338 654 ut
1369 611 1447 654 fiat
1478 612 1611 663 calor,
1640 617 1684 652 et
1715 609 1834 651 calor

291 689 395 731 facit
418 686 788 736 combustionem,
811 691 855 726 et
878 685 939 726 sic
961 683 1088 725 ultra.
1152 683 1301 725 Prima
1329 683 1448 724 accio
1470 682 1628 723 dicitur
1649 680 1835 721 univoca

292 759 469 813 quando
491 771 559 798 res
584 756 688 797 facit
717 755 910 809 speciem
939 768 1077 805 suam,
1100 759 1144 796 et
1173 753 1248 794 illa
1276 753 1447 807 species
1472 752 1616 794 adhuc
1642 750 1833 805 speciem

292 826 558 874 ulteriorem,
593 830 640 864 ut
671 829 737 863 est
770 822 827 863 de
863 822 958 863 luce
995 822 1099 862 solis
1132 835 1219 875 que
1251 808 1356 861 facit
1393 820 1583 874 speciem
1617 819 1660 859 in
1694 817 1837 872 prima

294 898 418 948 parte
458 891 524 933 sui
558 890 688 938 orbis,
725 895 768 930 et
805 889 879 931 illa
919 888 1036 931 facta
1074 887 1080 944 Ι
1122 888 1181 929 ibi
1218 887 1324 929 facit
1365 887 1407 928 in
1446 886 1651 936 secunda,
1676 875 1744 925 'et‘
1777 884 1838 925 sic

295 962 489 1004 ulterius
564 959 643 1002 Set
674 959 760 1001 alia
791 960 925 1008 accio,
958 959 1202 1000 secundum
1236 958 1356 1012 quod
1388 957 1468 998 lux
1499 956 1603 998 facit
1633 954 1839 1000 calorem,

295 1039 477 1074 vocatur
518 1031 742 1084 equivoca,
785 1036 829 1071 et
869 1035 937 1071 est
978 1028 1231 1084 principalis
1271 1029 1392 1070 accio
1433 1027 1678 1082 specierum
1719 1024 1840 1079 quod

295 1103 462 1144 faciunt
493 1100 676 1142 effectus
707 1101 944 1155 equivocos
967 1099 1011 1141 in
1043 1099 1127 1140 hoc
1160 1100 1341 1151 mundo,
1363 1104 1408 1139 et
1438 1097 1603 1139 faciunt
1634 1109 1701 1137 res
1733 1094 1842 1136 alias

298 1174 354 1214 ab
386 1173 447 1213 eis
478 1171 719 1213 secundum
748 1171 953 1224 speciem,
975 1176 1024 1211 ut
1052 1169 1178 1211 stelle
1204 1168 1371 1210 faciunt
1398 1167 1535 1222 frigus
1563 1173 1607 1208 et
1639 1165 1841 1213 calorem,

299 1250 343 1285 et
381 1242 620 1284 inanimata
652 1246 838 1294 possunt
871 1238 1013 1281 facere
1045 1253 1096 1280 ea
1124 1240 1321 1281 animata
1351 1252 1437 1292 que
1466 1237 1578 1278 fiunt
1600 1249 1677 1292 per
1698 1241 1843 1290 putre-

300 1313 555 1362 faccionem,
577 1317 620 1353 et
643 1317 935 1365 cooperantur
963 1309 1198 1364 agentibus
1226 1322 1304 1362 per
1331 1307 1717 1363 propagacionem,
1739 1317 1844 1345 nam

300 1383 438 1424 homo
469 1386 650 1435 generat
681 1380 907 1421 hominem
946 1385 990 1421 et
1017 1379 1094 1430 sol,
1127 1385 1175 1420 ut
1212 1377 1479 1420 Aristoteles
1512 1377 1621 1418 dicit
1651 1375 1845 1418 secundo

301 1453 592 1494 Plzz'sz'cm'um.

362 1522 510 1563 Primo
548 1522 682 1576 igitur
715 1521 953 1563 dicendum
991 1527 1057 1562 est
1090 1521 1145 1562 de
1182 1518 1555 1574 multiplicacione
1587 1521 1631 1558 et
1666 1516 1848 1558 accione

303 1593 512 1634 univoca:
566 1605 669 1633 nam
712 1592 794 1632 nisi
835 1591 921 1632 hoc
971 1591 1145 1640 sciatur,
1187 1589 1320 1630 nichil
1362 1589 1526 1630 scietur
1568 1587 1624 1628 de
1667 1586 1845 1641 reliqua.

306 1662 628 1715 Multiplicacio
654 1676 760 1703 vero
789 1661 1024 1715 cujuslibet
1057 1660 1216 1715 speciei
1243 1659 1293 1701 fit
1321 1674 1400 1713 per
1424 1659 1561 1700 lineas
1591 1664 1634 1699 et
1663 1657 1849 1712 angulos

305 1740 350 1774 et
371 1732 532 1786 figuras
558 1732 600 1772 in
628 1732 789 1785 quibus
812 1737 968 1772 natura
991 1730 1234 1771 delectatur
1255 1728 1439 1783 operari,
1455 1735 1498 1769 et
1524 1729 1630 1769 dum
1654 1727 1849 1768 medium

307 1808 373 1842 est
402 1802 530 1842 unius
560 1807 729 1851 nature,
754 1800 803 1842 fit
831 1800 1148 1854 multiplicacio
1177 1813 1256 1854 per
1282 1799 1423 1840 lineas
1452 1804 1604 1839 rectas.
1681 1795 1851 1850 Corpus

309 1884 413 1911 vero
445 1872 487 1912 in
529 1885 618 1925 quo
650 1870 967 1926 multiplicatur
998 1870 1166 1924 species
1197 1876 1381 1910 vocatur
1415 1868 1622 1917 medium,
1654 1873 1702 1907 ut
1733 1866 1851 1907 orbis

308 1939 491 1990 celestis,
515 1948 559 1982 θῖ
581 1954 709 1994 spera
732 1940 857 1994 ignis,
878 1947 921 1981 et
943 1953 1072 1994 spera
1094 1939 1217 1987 aeris,
1239 1945 1283 1979 et
1300 1951 1425 1992 aque,
1443 1950 1530 1991 que
1546 1942 1649 1977 sunt
1665 1948 1853 1989 corpora

311 2023 406 2051 rara
427 2017 469 2051 et
499 2011 647 2065 pervia
678 2018 723 2052 et
750 2010 969 2064 diaphz'ma
1002 2008 1263 2065 (penultima
1294 1993 1511 2062 producta
1543 2020 1627 2060 que
1654 2006 1856 2047 scribitur

311 2093 389 2134 per
409 2094 450 2128 a,
472 2087 518 2121 at
541 2079 796 2134 dyAphona,
818 2079 1065 2134 penultima
1088 2085 1290 2132 correpta
1312 2091 1399 2131 que
1415 2075 1618 2119 scribitur
1639 2089 1715 2130 per
1741 2072 1780 2131 ο)
1803 2087 1854 2115 ac

312 2150 553 2204 perspicua,
586 2158 629 2191 et
663 2150 997 2202 translucencia,
1018 2156 1062 2190 et
1094 2149 1250 2199 lucida,
1280 2148 1375 2188 luce
1403 2153 1659 2189 transeunte
1690 2151 1734 2186 et
1765 2157 1854 2185 non

313 2218 404 2259 fixa
428 2220 471 2259 in
490 2220 564 2260 eis.
628 2220 792 2261 Omnia
815 2220 893 2261 hec
916 2219 1097 2260 nomina
1120 2217 1369 2272 significant
1390 2217 1522 2267 idem,
1547 2215 1648 2256 licet
1674 2213 1855 2255 diversis

1861 902 1900 925 10

1866 1252 1904 1284 15

1871 1600 1910 1621 20

1874 1948 1911 1980 ²5

317 2289 473 2329 modis
538 2289 704 2331 Rarum
731 2291 848 2331 enim
866 2297 932 2332 est
958 2290 1078 2344 quod
1096 2288 1231 2330 habet
1252 2294 1400 2343 partes
1421 2284 1855 2338 distanterjacenteS,
1875 2295 1916 2325 30

317 2364 364 2397 ut
387 2359 535 2399 omnia
561 2373 743 2413 corpora
766 2360 898 2401 dicta.
954 2360 1154 2400 Densum
1177 2364 1255 2407 est,
1272 2358 1390 2412 quod
1413 2356 1548 2398 habet
1566 2361 1712 2410 partes
1735 2367 1854 2394 com-

318 2435 481 2480 pactas,
503 2434 550 2469 ut
579 2442 762 2483 corpora
783 2430 1009 2472 stellarum
1040 2436 1083 2471 et
1106 2435 1220 2470 terra
1243 2435 1287 2470 et
1316 2428 1505 2482 parietes
1526 2432 1570 2467 et
1597 2424 1682 2466 alia
1705 2423 1856 2469 multa,

366 2531 469 2569 17-18
492 2534 655 2563 seeundo
685 2530 938 2573 Phisieorum]
966 2531 1020 2561 lib.
1046 2530 1080 2562 ii.
1104 2535 1127 2562 t.
1153 2541 1182 2569 2,
1210 2540 1239 2562 c.
1264 2531 1306 2561 26
1334 2529 1471 2560 ‘Homo
1494 2527 1583 2559 enim
1607 2529 1792 2566 generatur
1815 2523 1856 2554 ab

320 2582 457 2613 homine
475 2588 507 2613 et
524 2583 598 2614 sol.'
643 2586 651 2602 ‘
666 2583 781 2614 Homo
799 2584 889 2614 enim
907 2584 1078 2614 hominem
1095 2587 1240 2622 generat
1257 2593 1300 2613 ex
1316 2580 1457 2612 materia
1472 2585 1508 2611 et
1525 2578 1600 2611 sol.'

369 2680 429 2700 1—2
454 2671 526 2702 in..
545 2696 552 2703 .
567 2677 679 2703 rectas
692 2671 806 2702 om.D
874 2682 893 2710 4
917 2671 1072 2712 quidem]
1085 2670 1282 2711 quidamF:
1302 2681 1369 2702 om.
1382 2668 1417 2700 D
1482 2679 1504 2708 9
1527 2665 1693 2708 speciem]
1707 2665 1857 2705 speciem

322 2731 416 2752 suam
434 2722 498 2752 FD
589 2734 628 2754 12
654 2723 703 2764 et]
723 2729 756 2754 et
773 2724 835 2754 hec
852 2723 900 2754 F:
925 2725 988 2754 hec
1010 2723 1044 2753 D
1136 2733 1174 2762 13
1199 2721 1401 2763 equivocos]
1419 2721 1585 2761 equivoco
1601 2719 1635 2750 F
1685 2716 1736 2759 et]
1752 2717 1806 2748 vel
1824 2716 1860 2747 D

323 2783 362 2812 15
386 2773 436 2814 et]
455 2779 487 2804 et
505 2776 616 2806 omnia
633 2775 697 2806 FD
798 2775 854 2816 ea]
873 2781 907 2806 et
923 2786 963 2806 ea
979 2775 1042 2806 FD
1177 2777 1217 2806 16
1240 2774 1318 2815 per]
1336 2784 1398 2814 pro
1415 2773 1450 2804 D
1581 2782 1624 2802 20
1647 2768 1727 2811 hoc]
1745 2769 1807 2800 hec
1824 2768 1860 2800 D

319 2834 359 2856 21
386 2825 514 2866 speciei
530 2837 597 2859 om.
613 2827 647 2858 F
700 2837 741 2867 23
767 2827 845 2868 per]
863 2829 1049 2859 secundum
1066 2827 1132 2859 FD
1200 2837 1240 2866 27
1267 2826 1320 2868 at]
1337 2831 1371 2857 et
1388 2825 1471 2857 Mss.
1549 2834 1592 2864 29
1615 2821 1696 2864 hec]
1714 2821 1804 2854 enim
1823 2820 1858 2852 D
