2912 4368
1931 896 1986 945 48

1175 1020 1358 1070 propter
1386 1013 1533 1054 radios
1564 1016 1839 1053 occurrentes
1868 1010 1949 1050 sibi
1978 1009 2189 1050 infinicies
2212 1023 2270 1050 ex
2302 1010 2398 1065 lege
2426 1010 2666 1053 incidencie
2689 1017 2733 1052 et

1176 1084 1428 1125 reflexionis
1465 1083 1521 1124 ad
1558 1081 1742 1136 angulos
1784 1080 2001 1134 obliquos,
2035 1081 2145 1121 sicut
2188 1081 2346 1122 accidit
2383 1081 2426 1121 in
2464 1095 2575 1132 aere,
2612 1081 2733 1136 quod

1176 1161 1357 1208 propter
1389 1167 1536 1194 casum
1570 1150 1823 1206 hujusmodi
1857 1157 1900 1191 et
1932 1149 2218 1191 reflexionem
2255 1152 2515 1193 intersecant
2547 1148 2593 1192 se
2627 1153 2733 1194 radii

1176 1225 1219 1266 in
1254 1224 1454 1278 quolibet
1491 1229 1653 1277 puncto
1692 1220 1915 1271 infinicies‚
1953 1227 1996 1262 et
2035 1220 2084 1261 fit
2122 1220 2253 1262 calor.
2318 1222 2438 1262 Nam
2473 1223 2599 1275 pauci
2632 1229 2734 1263 sunt

1175 1296 1415 1336 incidentes
1438 1291 1858 1347 perpendiculariter
1888 1305 2017 1345 super
2048 1290 2242 1343 aliquam
2276 1306 2379 1340 rem,
2404 1294 2506 1345 quia
2536 1307 2623 1334 non
2654 1293 2733 1334 nisi
2754 1305 2771 1337 5

1175 1380 1201 1407 a
1235 1372 1400 1420 puncto
1443 1377 1530 1404 uno
1574 1363 1745 1417 agentis
1788 1362 1905 1402 cadit
1943 1375 2053 1402 unus
2092 1363 2464 1416 perpendicularis
2501 1365 2555 1405 ad
2596 1377 2733 1404 unum

1176 1443 1390 1492 punctum
1415 1434 1639 1487 pacientis,
1665 1439 1709 1473 et
1732 1432 1831 1473 ideo
1854 1439 1955 1473 sunt
1979 1432 2107 1486 pauci
2131 1432 2296 1474 reflexi.
2362 1433 2439 1475 Set
2463 1434 2620 1475 infiniti
2644 1448 2733 1475 non

1175 1505 1559 1561 perpendiculares
1592 1510 1758 1544 exeunt
1791 1517 1815 1543 a
1848 1502 2048 1556 quolibet
2085 1510 2250 1557 puncto
2284 1505 2466 1559 agentis,
2499 1512 2543 1546 et
2579 1505 2734 1546 infiniti

1176 1576 1327 1617 reflexi
1350 1582 1451 1616 sunt
1474 1575 1534 1615 eis
1561 1574 1890 1627 respondentes.

1237 1646 1411 1686 Deinde
1426 1659 1503 1698 per
1519 1658 1667 1685 casum
1684 1643 2093 1697 perpendicularem
2111 1650 2285 1685 tantum
2302 1645 2391 1686 duo
2407 1646 2733 1700 conjunguntur
2758 1656 2796 1680 10

1176 1718 1218 1757 in
1242 1717 1401 1758 eodem
1425 1715 1523 1757 loco
1546 1716 1672 1767 aeris5
1694 1714 1868 1766 scilicet,
1897 1714 2091 1755 incidens
2122 1721 2164 1755 et
2196 1714 2386 1756 reflexus
2416 1717 2508 1769 ejus
2536 1729 2730 1771 compar.

1176 1787 1254 1828 Set
1284 1802 1361 1841 per
1383 1800 1532 1828 casum
1557 1786 1612 1826 ad
1640 1784 1826 1839 angulos
1849 1784 2066 1838 obliquos,
2090 1784 2245 1825 infiniti
2272 1786 2511 1827 incidentes
2534 1801 2579 1828 se
2603 1787 2733 1827 inter-

1175 1865 1324 1899 secant
1358 1858 1400 1897 in
1434 1856 1555 1897 omni
1594 1862 1758 1910 puncto
1804 1856 1927 1906 aeris,
1961 1862 2004 1896 et
2047 1855 2247 1896 similiter
2289 1856 2541 1905 incidentes,
2582 1858 2733 1898 simili-

1174 1936 1239 1969 ter
1273 1934 1508 1982 penetrant
1540 1926 1730 1968 reflexos
1764 1939 1851 1966 non
1890 1926 1970 1966 sibi
2005 1939 2246 1979 compares,
2284 1933 2327 1966 et
2361 1925 2512 1967 reflexi
2546 1927 2734 1969 reflexos

1175 1999 1398 2041 infinicies.
1455 1997 1572 2038 Nam
1596 1997 1651 2037 ad
1677 2010 1807 2037 omne
1832 2002 2045 2050 punctum
2072 2002 2185 2037 terre
2209 1997 2407 2037 incidunt
2431 1997 2539 2038 radii
2564 1997 2733 2048 infiniti,
2757 2007 2793 2041 ¹5
2832 2034 2833 2037 ,

1175 2076 1218 2111 et
1242 2070 1299 2110 ab
1331 2069 1488 2110 eodem
1520 2067 1817 2118 reflectuntur,
1841 2074 1884 2107 et
1916 2068 2014 2109 ideo
2046 2068 2201 2109 forcior
2231 2070 2435 2121 operacio
2459 2069 2649 2109 nascitur
2675 2070 2733 2110 sic

1174 2154 1252 2194 per
1280 2140 1482 2181 accidens
1512 2153 1569 2180 ex
1602 2137 1893 2178 incidentibus
1927 2145 1970 2179 et
2004 2138 2177 2179 reflexis
2212 2139 2267 2179 ad
2300 2139 2487 2194 angulos
2516 2139 2733 2192 obliquos,

1174 2225 1308 2265 quam
1332 2211 1387 2251 ad
1413 2216 1567 2250 rectos.
1633 2209 1692 2249 Et
1716 2208 1775 2248 sic
1803 2214 1949 2261 potest
1968 2209 2121 2262 juvare
2149 2207 2153 2258 l
2184 2216 2387 2250 naturam
2414 2210 2455 2249 in
2478 2210 2733 2251 fortitudine

1173 2281 1390 2330 accionis:
1423 2293 1525 2321 nain
1550 2280 1609 2320 sic
1629 2285 1776 2333 potest
1800 2278 1977 2332 figurari
2001 2279 2241 2333 speculum,
2264 2286 2310 2320 ut
2341 2280 2416 2321 fiat
2440 2281 2732 2333 congregacio

1171 2352 1385 2393 virtutum
1421 2363 1582 2404 magna
1615 2363 1692 2404 per
1718 2349 1893 2403 specula
1927 2363 2133 2399 concava,
2164 2356 2207 2390 et
2239 2350 2436 2391 maxime
2467 2364 2544 2404 per
2576 2350 2730 2400 ovalia,

1172 2423 1284 2463 sicut
1317 2428 1485 2463 tactum
1511 2427 1589 2461 est.
1655 2419 1734 2461 Set
1760 2419 1898 2460 virtus
1929 2420 2195 2474 principalis,
2226 2420 2405 2471 scilicet,
2435 2428 2566 2471 recta,
2594 2421 2731 2462 fracta

1174 2500 1217 2533 et
1246 2491 1413 2533 reflexa
1441 2497 1507 2531 est
1538 2489 1698 2530 forcior
1730 2490 2005 2537 accidentali,
2037 2491 2140 2543 quia
2175 2503 2261 2530 non
2293 2491 2413 2530 venit
2443 2491 2644 2532 accidens
2674 2492 2731 2532 ab

1173 2568 1348 2616 agente,
1382 2561 1458 2601 sed
1493 2575 1519 2601 a
1551 2560 1695 2614 specie
1729 2560 1915 2612 agentis,
1951 2566 1994 2600 et
2032 2567 2096 2601 est
2135 2561 2301 2614 species
2338 2561 2512 2614 speciei,
2550 2567 2732 2615 propter

1173 2633 1293 2686 quod
1318 2632 1507 2673 debilior
1530 2638 1607 2672 est.

1234 2703 1293 2743 Et
1332 2716 1431 2743 cum
1472 2703 1665 2756 piramis.
1706 2708 1754 2743 ut
1792 2702 1957 2742 dictum
1999 2708 2079 2751 est,
2118 2701 2360 2753 requiratur
2403 2702 2458 2741 ad
2504 2701 2728 2742 accionem
2775 2708 2790 2740 .“

1174 2780 1340 2825 nature,
1383 2773 1750 2814 considerandum
1790 2779 1856 2813 est
1897 2772 2016 2825 quod
2058 2784 2193 2812 conus
2223 2770 2226 2822 l
2256 2772 2465 2812 brevioris
2505 2772 2729 2825 piramidis

1173 2844 1333 2884 sorcius
1366 2850 1574 2897 operatur
1607 2849 1702 2882 tum
1736 2842 1838 2895 quia
1873 2842 2014 2881 minus
2047 2842 2182 2881 distat
2214 2841 2270 2881 ab
2303 2849 2475 2893 agente.
2499 2850 2593 2881 tum
2627 2842 2729 2894 quia

1173 2913 1281 2954 radii
1325 2912 1664 2954 conterminales
1707 2913 1819 2953 circa
1861 2925 2019 2952 conum
2060 2911 2289 2965 piramidis
2333 2912 2544 2952 brevioris
2588 2912 2727 2965 magis

1172 2984 1430 3033 vicinantur,
1450 2990 1493 3024 et
1516 2983 1674 3023 vicinia
1698 2983 1921 3023 radiorum
1946 2995 1995 3022 ac
2020 2982 2310 3035 congregacio
2331 2982 2489 3022 sorcius
2511 2990 2727 3036 operatur,

1174 3058 1217 3092 et
1253 3051 1336 3093 hoc
1371 3058 1494 3105 patet
1534 3051 1575 3090 in
1615 3050 1766 3103 figura.
1830 3050 1948 3090 Nam
1984 3064 2060 3103 per
2100 3056 2197 3104 13³⁸*
2235 3050 2362 3103 primi
2396 3050 2727 3090 Elcmeularmn

1175 3122 1387 3172 Euclidis,
1409 3134 1563 3161 omnes
1586 3120 1733 3174 anguli
1764 3121 1876 3160 circa
1906 3127 2118 3174 punctum
2148 3133 2282 3160 unum
2314 3121 2354 3160 in
2378 3120 2609 3174 superficie
2640 3133 2726 3160 non

1173 3191 1321 3231 valent
1346 3191 1426 3231 nisi
1450 3204 1477 3240 4
1499 3190 1686 3244 angulos
1710 3198 1851 3231 rectos
1872 3204 1879 3239 ;
1904 3204 2008 3243 ergo
2032 3197 2222 3243 quatuor
2245 3190 2392 3243 anguli
2418 3191 2535 3244 apud
2564 3204 2725 3231 conum

1175 3262 1419 3315 pyramidis
1468 3261 1674 3301 brevioris
1726 3260 1872 3300 valent
1926 3260 2115 3313 reliquos
2164 3268 2354 3313 quatuor
2403 3262 2518 3314 apud
2566 3273 2725 3300 conum

1221 3381 1239 3400 2
1267 3371 1298 3400 in
1317 3380 1396 3401 aere
1414 3380 1478 3401 om.
1503 3370 1535 3399 l)
1787 3379 1807 3408 3
1832 3369 2024 3409 hujusmodi
2045 3374 2078 3399 et
2098 3368 2338 3409 reflexionem]
2359 3369 2457 3406 liujus
2476 3368 2674 3399 reilexiouis
2696 3370 2727 3398 l)

1177 3433 1193 3460 7
1219 3428 1298 3453 sunt
1316 3434 1380 3453 om.
1403 3423 1435 3452 l)
1600 3432 1621 3461 9
1646 3422 1916 3463 respondentes]
1935 3422 2246 3461 correspondentes
2266 3421 2298 3450 l)
2469 3432 2507 3451 io
2533 3432 2593 3460 per
2611 3433 2725 3453 casum

1176 3486 1240 3505 0111.
1260 3476 1294 3504 D
1464 3485 1501 3505 12
1525 3475 1656 3514 casum]
1676 3485 1774 3505 casus
1794 3475 1826 3504 l)
1998 3485 2035 3513 15
2064 3474 2171 3514 terre]
2191 3479 2284 3505 terre
2303 3479 2338 3504 ut
2356 3473 2388 3503 F
2505 3475 2586 3504 radii
2606 3486 2671 3505 om.
2695 3475 2726 3504 Ι)

1180 3538 1216 3567 17
1242 3529 1282 3558 ad
1301 3539 1367 3560 (ml.
1388 3528 1419 3558 F
1560 3528 1599 3557 18
1624 3528 1666 3557 ad
1685 3538 1749 3557 om.
1772 3527 1804 3556 l)
1949 3536 1990 3556 20
2015 3526 2192 3566 virtutum]
2212 3527 2347 3557 virtutis
2366 3527 2397 3556 F
2537 3538 2570 3557 ’.η
2605 3527 2724 3567 tracta]

1176 3580 1298 3610 fraccio
1317 3580 1350 3609 l)
1477 3590 1518 3620 25
1544 3580 1595 3619 ut]
1616 3586 1649 3610 ut
1668 3590 1743 3609 cuin
1763 3580 1796 3609 J)
1923 3580 2133 3620 requiratur]
2154 3580 2345 3619 requiretur
2365 3581 2396 3609 Ι)
2520 3592 2560 3612 20
2585 3581 2723 3621 vicinia]

1176 3634 1285 3664 vicina
1304 3633 1337 3662 D
1427 3643 1466 3671 31
1495 3643 1597 3663 unum
1616 3643 1681 3663 0111.
1705 3632 1735 3661 l)
1835 3642 1876 3671 32
1901 3632 2047 3671 angulos
2065 3643 2130 3664 0111.
2150 3632 2211 3662 FD
2309 3644 2350 3672 33
2377 3645 2497 3664 conum
2516 3646 2580 3665 0111,
2606 3634 2636 3663 Ι)
