1934 3152
29 877 69 898 10

27 1572 66 1595 20

25 2334 66 2365 30

839 107 889 151 77

88 223 302 264 veraciter
323 228 367 263 et
389 222 564 277 proprie
587 223 761 277 ydeam.
838 224 956 265 Nam
980 222 1074 276 ejus
1095 223 1292 264 essencia
1315 229 1381 263 est
1404 224 1633 278 exemplar

89 299 135 335 et
175 292 290 346 ydea
336 293 551 343 omnium,
592 294 829 334 secundum
873 300 1050 335 sanctos
1092 298 1136 334 et
1177 292 1463 348 philosophos
1515 301 1631 335 recte

89 361 345 403 sencientes.
409 362 470 402 Et
495 361 579 402 hoc
602 363 736 403 modo
758 364 986 415 sumendo,
1014 362 1276 417 principium
1301 360 1485 404 formale
1514 364 1630 404 idem

89 437 156 473 est
188 444 287 473 cum
319 431 464 486 primo
497 432 712 474 efficiente
743 439 787 474 et
824 446 925 473 cum
959 431 1113 473 ultimo
1142 431 1240 484 fine,
1273 438 1321 473 ut
1352 432 1520 474 dictum
1553 441 1630 474 est.

91 501 152 542 Et
173 501 234 542 sic
263 507 329 542 est
356 501 497 542 forma
524 508 675 543 eterna
705 507 749 543 et
779 502 986 557 ingenita,
1009 502 1121 543 sicut
1150 502 1341 556 primum
1371 500 1563 543 efficiens
1588 509 1631 542 et

88 571 270 615 ultimus
292 570 404 625 finis,
436 579 486 613 ut
515 572 610 613 vult
645 576 688 613 2⁰
719 571 1045 625 Methaplzz'sz‘ce.
1109 571 1331 625 Quoniam
1366 577 1515 613 autem
1549 571 1632 613 hoc

88 641 271 684 formale
301 642 563 696 principium
598 649 664 683 est
701 656 833 683 causa
867 642 1020 697 prima,
1042 642 1141 683 ideo
1172 642 1229 683 ad
1262 641 1630 696 methaphisicum

87 712 276 767 pertinet
298 711 551 765 hujusmodi
575 713 888 753 consideracio.
953 711 1014 752 Et
1032 713 1130 752 ideo
1153 725 1210 753 ex
1232 711 1316 754 hoc
1338 713 1525 752 sumitur
1545 711 1630 753 alia

88 783 205 823 racio
237 796 372 836 quare
408 782 618 823 naturalis
648 781 938 837 philosophus
974 795 1063 823 non
1097 787 1244 836 potest
1274 781 1549 829 sufficienter,
1582 788 1630 822 ut

87 851 193 901 vult,
236 851 477 894 certificare
520 853 575 894 de
616 853 829 907 principio
877 851 1063 893 formali.
1126 852 1245 892 Nam
1298 852 1355 892 de
1405 851 1491 893 hoc
1543 865 1630 892 non

87 929 249 976 potest,
271 929 315 963 et
341 923 443 963 ideo
470 923 576 964 dicit
602 922 722 976 quod
750 923 805 963 de
830 922 1040 976 principio
1071 922 1310 963 secundum
1338 922 1528 976 speciem
1563 928 1630 963 est

88 991 392 1047 methaphisici
424 992 736 1042 consideracio‚
770 1005 872 1033 nam
905 993 960 1032 de
990 999 1178 1045 utroque
1209 992 1421 1045 principio
1458 990 1629 1032 formali

86 1061 281 1115 loquitur
308 1063 452 1116 primo
475 1061 763 1103 Plcisicorum.
829 1062 890 1103 Et
920 1060 1253 1116 intelligendum
1281 1067 1346 1102 est
1375 1061 1494 1115 quod
1524 1061 1630 1102 dicit

86 1131 229 1186 primo
265 1131 545 1174 Plzisicormn
580 1132 701 1185 quod
738 1131 951 1186 principia
983 1137 1159 1185 oportet
1189 1130 1192 1186 Ι
1220 1144 1396 1185 semper
1425 1144 1628 1181 manere3

86 1200 172 1243 hoc
214 1201 330 1242 enim
372 1202 488 1252 dicit,
532 1208 581 1243 ut
624 1203 782 1244 doceat
834 1202 1095 1256 principium
1138 1200 1366 1241 materiale
1408 1214 1494 1241 non
1537 1214 1630 1242 esse

86 1272 299 1326 genitum,
351 1273 464 1314 sicut
516 1285 595 1313 nec
644 1273 834 1326 primum
880 1270 1071 1313 efficiens
1122 1277 1166 1312 et
1215 1270 1396 1311 ultimus
1446 1269 1543 1311 finis
1585 1276 1629 1311 et

74 1336 227 1396 'prima
251 1341 406 1393 forma,
431 1341 607 1394 scilicet,
641 1341 909 1396 exemplaris
939 1347 984 1382 et
1012 1340 1199 1394 ydealis,
1229 1354 1313 1393 que
1342 1347 1408 1381 est
1435 1340 1631 1381 essencia

85 1412 245 1452 divina.
323 1411 402 1453 Set
433 1412 517 1453 hoc
550 1425 637 1453 non
670 1418 844 1466 oportet
876 1425 971 1452 esse
997 1424 1150 1452 verum
1188 1410 1243 1451 de
1274 1409 1415 1452 forma
1447 1423 1533 1463 que
1563 1417 1629 1451 est

85 1481 223 1523 altera
245 1496 346 1535 pars
368 1482 603 1536 compositi
626 1489 670 1524 et
700 1483 756 1523 ad
779 1495 914 1535 quam
945 1482 1130 1523 materia
1160 1488 1203 1522 et
1233 1481 1427 1534 privacio
1456 1486 1557 1521 sunt
1586 1481 1629 1520 in

84 1552 298 1607 potencia.
349 1553 467 1594 Nam
501 1551 574 1593 illa
606 1554 787 1594 omnino
820 1560 886 1594 est
917 1550 1179 1606 generabilis
1211 1551 1301 1592 sive
1333 1549 1628 1604 corruptibilis

85 1623 298 1676 quoniam
327 1628 393 1664 est
425 1621 676 1664 differencia
703 1623 941 1664 adveniens
970 1622 1131 1677 generi,
1158 1622 1277 1675 quod
1306 1627 1372 1662 est
1402 1620 1628 1662 materiale

85 1692 360 1747 principium,
395 1693 453 1733 de
488 1706 575 1746 qua
613 1693 707 1733 dixi
749 1693 961 1747 superius,
999 1692 1055 1732 de
1093 1704 1356 1744 quacunque
1395 1690 1627 1743 loquimur.

85 1763 203 1803 Nam
237 1769 423 1816 utraque
451 1768 644 1816 potesta
675 1763 858 1803 materia
889 1762 1092 1816 seperari,
1113 1760 1289 1808 scilicet,
1312 1766 1404 1800 tam
1437 1758 1627 1800 elemen-

84 1833 190 1873 taris
212 1846 345 1886 quam
368 1831 510 1873 forma
533 1833 673 1873 mixti.
738 1832 799 1873 Et
831 1837 1013 1886 propter
1043 1831 1126 1872 hoc
1156 1830 1264 1870 moti
1294 1829 1468 1870 fuerunt
1501 1829 1628 1870 multi

86 1908 134 1943 ut
170 1902 364 1943 dicerent
398 1900 586 1942 formam
618 1903 806 1956 primam
839 1915 932 1943 esse
964 1914 1141 1942 causam
1174 1899 1377 1954 primam.
1442 1898 1521 1940 Set
1544 1898 1628 1940 hoc

86 1985 172 2012 non
207 1972 340 2025 cogit,
362 1972 467 2024 quia
498 1971 708 2026 principia
730 1971 789 2012 ibi
822 1977 950 2012 vocat
972 1970 1232 2025 principium
1262 1968 1444 2010 formale
1476 1982 1628 2009 exem-

85 2041 209 2094 plare
246 2047 290 2081 et
327 2042 518 2095 primum
552 2041 791 2091 materiale,
825 2047 869 2082 et
901 2041 1196 2095 privacionem
1230 2040 1429 2094 primam,
1464 2045 1508 2080 et
1539 2052 1626 2079 non

87 2110 271 2153 formale
293 2112 554 2166 principium
577 2111 633 2152 ad
657 2112 777 2166 quod
803 2112 986 2153 materia
1010 2117 1076 2152 est
1099 2111 1143 2151 in
1166 2109 1380 2164 potencia.

150 2249 396 2304 Capitulum
437 2256 507 2299 4¹¹¹.
567 2248 620 2290 de
650 2248 908 2302 privacione
949 2255 993 2289 et
1023 2247 1236 2301 potenciis
1278 2247 1460 2288 materie
1500 2254 1542 2288 et
1579 2247 1632 2288 de

87 2325 332 2367 racionibus
351 2323 646 2366 seminalibus.

147 2419 245 2461 Hec
288 2425 436 2460 autem
479 2430 592 2457 nunc
633 2416 689 2457 de
731 2415 813 2457 hiis
853 2416 992 2457 tribus
1032 2414 1255 2470 principiis
1301 2415 1343 2454 in
1396 2415 1627 2456 universali

88 2495 271 2544 possunt
304 2487 502 2540 intelligi,
536 2494 601 2528 set
640 2487 780 2541 magis
820 2486 1037 2540 contingit
1077 2484 1341 2526 descendere
1373 2484 1428 2525 ad
1462 2485 1542 2526 hec
1585 2485 1627 2525 in

131 2619 153 2648 6
176 2620 214 2648 2⁰
232 2613 528 2654 Methaphisice]
547 2613 567 2645 l.
587 2612 624 2652 ii,
640 2622 669 2643 c.
690 2622 718 2650 7,
736 2612 767 2643 8.
983 2620 1021 2649 13
1045 2612 1168 2647 primo
1187 2609 1438 2651 Phisicorum]
1458 2610 1477 2640 l.
1497 2610 1517 2650 iy
1538 2620 1565 2641 c.
1585 2621 1628 2650 50

87 2671 95 2687 ⁴
109 2669 280 2710 Principia
295 2673 408 2700 autem
426 2676 565 2706 semper
581 2669 717 2705 oportet
734 2674 873 2695 manere
885 2663 892 2674 ’
911 2663 986 2705 (Gr.
1006 2662 1110 2703 Lat.).

132 2792 173 2821 29
196 2781 258 2823 4¹¹²]
277 2784 323 2812 2¹¹¹
340 2781 372 2811 F
487 2778 556 2820 De]
577 2777 613 2808 In
632 2775 827 2817 particulari
846 2776 887 2806 de
905 2774 940 2804 D
1058 2778 1093 2805 et
1110 2773 1169 2815 de]
1187 2778 1222 2804 et
1239 2772 1303 2803 FD
1473 2784 1512 2814 31
1533 2774 1626 2815 Hec]

73 2833 150 2865 'Set
168 2833 201 2863 D
276 2833 359 2874 hiis]
376 2832 453 2864 aliis
470 2832 505 2862 D
597 2831 630 2860 in
649 2828 829 2860 universali
848 2838 913 2858 om.
935 2827 969 2857 D
1050 2837 1091 2866 32
1115 2824 1294 2866 contingit]
1313 2826 1358 2856 sic
1373 2825 1458 2858 FD:
1484 2825 1574 2859 confft
1591 2827 1633 2857 M

1651 1140 1728 1171 20b
1749 1148 1775 1170 1.
