1934 3152
1036 86 1089 117 20

292 211 334 250 et
353 201 538 258 primam
557 203 729 253 partem
748 195 976 237 minimam
995 190 1237 234 secundum
1255 199 1445 234 sensum,
1463 191 1506 226 et
1525 184 1599 236 illa
1616 189 1834 225 transmu-

292 280 399 324 tata,
425 273 690 311 transmutat
720 265 957 308 secundam
984 263 1023 303 ei
1050 259 1266 315 equalem,
1289 264 1332 299 et
1358 257 1548 298 secunda
1576 253 1769 301 terciam,
1791 259 1836 292 et

295 343 355 383 sic
397 339 589 388 ulterius,
621 338 682 378 ita
718 335 838 390 quod
870 346 1006 387 agens
1040 329 1346 372 immediatum
1381 339 1558 379 semper
1593 331 1676 379 est,
1698 321 1837 364 simile

296 424 394 453 cum
428 408 638 462 paciente,
669 404 910 446 secundum
943 401 1062 455 quod
1089 393 1358 440 Aristoteles
1389 394 1585 437 ostendit
1617 397 1661 447 7⁰
1689 389 1839 432 Phisi-

295 492 442 522 cormn
474 475 593 530 quod
626 487 761 528 agens
792 479 836 513 et
868 471 1045 526 paciens
1077 474 1179 509 sunt
1210 465 1380 516 similia,
1410 470 1453 505 et
1483 462 1615 504 nichil
1642 462 1836 516 ipsorum
1859 460 1876 492 5

299 556 363 590 est
391 547 598 588 medium.
662 543 851 597 Oportet
880 541 997 581 enim
1021 545 1069 580 ut
1091 537 1286 578 habeant
1314 533 1565 588 superficies
1595 530 1759 573 similes
1789 535 1838 569 ut

299 631 432 673 agens
481 623 525 657 et
574 614 717 668 prima
767 625 867 665 pars
919 608 1143 664 pacientis,
1192 605 1368 653 scilicet,
1417 603 1611 644 habeant
1652 599 1839 641 eandem

299 686 589 742 superficiem,
623 689 671 724 ut
703 682 844 736 prima
876 694 977 734 pars
1007 677 1219 733 pacientis
1252 681 1295 716 et
1332 672 1536 722 secunda,
1569 678 1614 712 et
1648 668 1843 711 secunda

300 766 343 800 et
364 757 511 806 tercia,
533 760 577 796 et
599 753 736 795 tercia
764 765 814 792 ac
844 756 1015 805 quarta,
1038 754 1081 790 et
1111 748 1172 788 sic
1198 745 1393 794 ulterius,
1423 750 1466 784 et
1494 743 1556 784 sic
1585 740 1718 782 currit
1747 745 1843 780 tota

303 825 614 880 multiplicacio
636 822 879 878 specierum
902 821 945 860 in
968 820 1050 860 hoc
1074 818 1252 859 mundo.
1273 820 1276 823 ⁴
1309 814 1441 856 Unde
1465 811 1717 854 substancia
1738 796 1843 851 solis
1866 818 1905 840 10

303 911 390 938 non
408 897 565 937 alterat
587 900 749 935 terram
773 891 1040 939 immediate,
1058 888 1161 942 quia
1181 899 1268 927 non
1289 884 1433 937 tangit
1456 895 1566 933 earn,
1588 881 1666 922 sed
1688 879 1844 921 alterat

303 973 474 1022 partem
497 965 684 1020 primam
714 962 781 1004 sui
807 961 936 1011 orbis,
958 966 1001 1000 et
1031 972 1132 1013 pars
1159 957 1234 998 illa
1262 954 1419 996 alterat
1445 952 1696 1001 secundam,
1719 956 1763 991 et
1783 949 1845 991 sic

304 1037 500 1088 ulterius,
521 1046 752 1088 usquequo
775 1031 942 1086 species
964 1028 1069 1071 solis
1091 1032 1323 1083 generetur
1343 1023 1413 1064 hic
1437 1022 1623 1064 inferius.

352 1197 600 1254 Capitulum
624 1201 690 1239 2¹¹¹.
751 1192 803 1234 de
823 1191 1078 1235 diversitate
1099 1187 1323 1244 agencium
1334 1184 1605 1241 facz'encz'mn
1624 1182 1789 1237 species.

379 1291 440 1332 Et
491 1287 856 1331 considerandum
908 1284 1028 1339 quod
1081 1282 1262 1323 effectus
1318 1278 1488 1333 agentis
1540 1277 1583 1317 in
1633 1273 1849 1329 principio
1871 1282 1907 1314 15

307 1369 492 1404 vocatur
534 1359 711 1414 Species
754 1364 798 1398 et
830 1356 984 1397 Virtus
1026 1360 1070 1395 et
1110 1350 1378 1406 hujusmodi,
1421 1355 1466 1390 et
1507 1347 1592 1388 hoc
1634 1351 1700 1387 est
1741 1345 1849 1386 dum

310 1432 485 1486 paciens
509 1435 655 1470 manet
686 1428 728 1468 in
755 1433 909 1467 natura
930 1423 1134 1478 specifica
1159 1422 1252 1462 sine
1277 1420 1343 1461 sui
1365 1417 1658 1471 corrupcione‚
1681 1413 1848 1455 assimi-

311 1502 449 1543 latum
489 1506 638 1541 tamen
678 1497 826 1551 agenti
867 1509 944 1549 per
985 1494 1180 1548 speciem
1216 1498 1260 1533 et
1299 1490 1520 1538 virtutem,
1558 1492 1607 1527 ut
1648 1480 1849 1539 lignum}

286 1571 417 1612 ,dum
449 1571 492 1610 in
523 1568 734 1622 principio
766 1566 939 1608 calescit
972 1570 1015 1604 et
1048 1568 1199 1604 manet
1231 1561 1398 1614 lignum
1430 1559 1524 1599 sine
1553 1555 1850 1609 corrupcione‚

312 1640 472 1682 dicitur
499 1639 661 1680 habere
691 1638 882 1691 speciem
907 1635 1028 1688 ignis,
1051 1640 1117 1674 set
1139 1631 1317 1686 quando
1339 1630 1564 1683 vigoratur
1588 1625 1707 1667 accio
1737 1624 1850 1677 ignis
1872 1637 1913 1659 20

312 1724 441 1763 super
462 1708 643 1762 lignum,
672 1714 721 1748 ut
748 1705 878 1748 tollat
906 1711 1108 1745 naturam
1131 1701 1380 1756 specificam
1410 1698 1516 1752 ejus,
1539 1702 1582 1737 et
1610 1694 1780 1749 lignum
1803 1693 1853 1734 fit

312 1779 491 1820 flamma
533 1785 577 1820 et
618 1778 749 1819 carbo
791 1775 960 1824 ardens,
1004 1780 1109 1814 tunc
1155 1769 1402 1824 completur
1444 1780 1548 1820 ergo
1589 1765 1770 1819 species,
1809 1770 1854 1804 et

315 1848 479 1890 amittit
521 1861 680 1888 nomen
716 1845 877 1899 speciei
915 1850 959 1885 et
1001 1842 1154 1895 recipit
1191 1852 1353 1881 nomen
1394 1836 1578 1892 agentis,
1615 1840 1659 1875 et
1695 1833 1854 1874 dicitur

311 1919 404 1973 jam
436 1918 546 1970 ignis
584 1917 642 1958 ibi
672 1930 766 1957 esse
785 1929 794 1966 ;
832 1915 947 1955 unde
985 1913 1040 1953 de
1073 1912 1245 1953 racione
1277 1907 1435 1963 speciei
1470 1919 1558 1947 non
1592 1911 1670 1954 est,
1693 1903 1774 1944 nisi
1807 1909 1854 1943 ut

317 1994 441 2028 tanta
473 1987 528 2027 sit
561 1987 603 2026 in
625 1987 834 2040 paciente,
865 1983 984 2037 quod
1017 1976 1156 2037 possit
1188 1993 1265 2035 per
1295 1992 1393 2020 eam
1414 1974 1647 2017 assimilari
1680 1972 1854 2028 paciens
1878 1984 1915 2015 25

318 2057 398 2111 ipsi
434 2057 593 2110 agenti,
628 2057 689 2096 ita
722 2062 872 2097 tamen
907 2053 1025 2106 quod
1056 2056 1280 2092 remaneat
1309 2047 1485 2103 paciens
1518 2045 1561 2086 in
1590 2058 1669 2086 sua
1701 2048 1857 2083 natura

319 2126 531 2180 specifica,
574 2133 617 2166 et
669 2139 756 2166 non
804 2117 1122 2175 corrumpatur,
1160 2119 1237 2160 sed
1287 2118 1429 2170 magis
1477 2115 1729 2170 perficiatur
1779 2125 1857 2166 per

320 2194 685 2237 assimilacionem
709 2208 831 2235 suam
854 2192 1016 2247 agenti,
1034 2197 1079 2231 et
1101 2189 1398 2230 conformetur
1420 2186 1517 2227 aliis
1540 2185 1668 2226 rebus
1691 2181 1857 2230 mundi,

321 2266 423 2318 quia
454 2266 496 2305 in
528 2265 647 2306 omni
680 2270 879 2305 creatura
911 2268 976 2303 est
1007 2261 1200 2314 quedam
1226 2257 1448 2312 aptitudo,
1480 2261 1528 2296 ut
1560 2254 1632 2295 alii
1664 2259 1770 2306 apta
1801 2251 1857 2292 sit

322 2335 550 2375 assimilari
573 2348 647 2388 per
667 2333 922 2387 hujusmodi
944 2333 1138 2381 virtutes,
1160 2335 1203 2371 et
1233 2330 1314 2369 hoc
1339 2327 1480 2381 exigit
1509 2324 1626 2365 salus
1654 2320 1857 2370 universi,
1879 2332 1918 2363 30

364 2452 383 2480 4
409 2445 445 2474 7⁰
466 2440 719 2481 Phisieorum]
742 2440 796 2471 lib.
817 2440 872 2479 vii,
890 2445 914 2470 t.
938 2449 965 2479 1,
989 2450 1019 2470 c.
1043 2449 1064 2478 9
1091 2438 1254 2478 ‘primum
1279 2436 1383 2476 igitur
1407 2442 1550 2465 movens
1574 2456 1581 2463 .
1608 2455 1615 2463 .
1641 2454 1649 2462 .
1677 2433 1730 2461 est
1754 2428 1855 2460 simul

323 2503 396 2524 cum
425 2504 464 2524 eo
492 2494 579 2533 quod
607 2498 770 2524 movetur.
830 2492 938 2523 Simul
969 2496 1081 2522 autem
1116 2490 1190 2521 dico
1221 2489 1300 2529 quia
1332 2486 1418 2518 nihil
1450 2486 1600 2526 ipsorum
1628 2482 1776 2513 medium
1805 2485 1858 2512 est

321 2547 456 2576 motus!

368 2650 388 2679 5
411 2647 489 2672 sunt
506 2641 626 2672 similia
642 2651 707 2671 om.
725 2638 760 2669 D
819 2640 840 2669 6
864 2638 951 2669 enim
966 2649 1031 2669 om.
1047 2637 1080 2668 F
1128 2642 1180 2677 pr.
1194 2635 1246 2677 ut]
1264 2634 1356 2675 quod
1373 2632 1437 2664 FD
1503 2641 1521 2670 7
1545 2630 1676 2662 scilicet
1691 2627 1860 2668 habeant]

325 2692 380 2722 vel
396 2692 458 2722 FD
597 2703 618 2732 9
641 2693 696 2723 alt.
716 2692 764 2722 sic
780 2702 847 2722 om.
864 2691 897 2721 F
1025 2698 1064 2728 15
1090 2689 1149 2730 Et]
1168 2689 1217 2719 Eo
1233 2688 1266 2718 F
1400 2695 1437 2724 17
1463 2682 1600 2724 natura]
1619 2686 1740 2713 natura
1757 2691 1818 2712 sua
1834 2681 1867 2712 F

330 2753 369 2783 19
392 2744 482 2784 sine]
499 2744 572 2775 sine
589 2745 639 2774 sui
656 2744 718 2774 FD
807 2753 848 2774 22
873 2741 971 2782 ergo]
989 2742 1051 2773 hec
1068 2741 1131 2771 FD
1220 2750 1262 2779 24
1286 2748 1364 2771 esse
1380 2748 1447 2769 om.
1467 2736 1501 2767 D
1601 2735 1643 2766 26
1666 2733 1859 2776 remaneat]

326 2800 479 2826 remanet
494 2796 527 2826 F
618 2806 678 2827 sua
694 2805 761 2827 om.
779 2795 811 2825 F
937 2804 980 2833 3ο
1004 2792 1153 2824 universi
1169 2803 1240 2824 om.
1257 2791 1292 2822 D
