1934 3152
114 233 192 274 24b
213 242 241 265 1.

64 1388 103 1420 F.
121 1398 160 1430 92
180 1399 199 1420 a
219 1396 247 1420 2.

1007 49 1064 92 90

323 229 572 286 Capilulmn
605 230 673 273 6¹1¹.
706 228 912 284 quomodo
934 228 1136 284 predicta
1161 236 1344 284 possunt
1373 227 1541 271 clarius
1571 226 1714 269 videri
1730 234 1814 282 per

258 300 423 343 dictam
446 301 716 343 divisionem.
1428 309 1432 311 ·

321 406 404 448 Per
439 406 555 447 hanc
588 405 934 459 descripcionem
977 410 1102 459 patet
1145 405 1375 447 materiam
1413 418 1501 446 non
1543 417 1639 445 esse
1681 416 1814 444 unam

260 490 459 525 numero,
489 490 568 518 nec
594 477 753 530 specie,
778 489 857 516 nec
885 488 1047 530 genere
1079 475 1347 527 subalterno,
1376 481 1443 516 set
1470 473 1814 528 generalissimo.

264 547 440 589 Eodem
464 547 598 588 modo
620 552 745 600 patet
767 546 823 587 de
846 544 988 586 forma
1013 545 1240 599 quomodo
1266 544 1322 586 sit
1351 558 1438 586 una
1467 551 1619 586 contra
1645 557 1720 584 eos
1740 542 1815 597 qui
1836 551 1854 584 5

262 617 425 659 docent
456 617 579 670 quod
611 629 698 657 una
730 629 818 657 non
856 620 923 657 est
955 615 1097 656 forma
1134 615 1382 657 communis
1418 614 1625 657 omnibus
1664 612 1816 654 formis

264 686 537 729 naturalibus
569 686 806 729 fantasiam
838 686 1095 740 allegantes,
1124 685 1299 737 scilicet,
1332 686 1454 739 quod
1486 684 1627 726 forme
1656 690 1723 725 est
1753 683 1815 724 di-

264 758 485 812 stinguere
507 763 550 799 et
580 756 791 807 dividere,
814 762 858 797 et
880 756 980 798 ideo
1010 769 1098 798 non
1121 761 1292 811 ponunt
1320 755 1508 797 formam
1531 768 1664 796 unam
1685 766 1816 808 gene-

265 827 401 870 ralem
445 834 489 869 et
529 840 814 869 communem
856 827 899 868 in
941 841 1030 882 qua
1071 827 1128 868 sit
1171 840 1315 868 rerum
1352 825 1697 868 conveniencia..
1739 823 1819 879 Set

265 895 558 949 decipiuntur,
595 901 778 950 propter
819 894 903 937 hoc
943 895 1064 948 quod
1097 895 1282 936 credunt
1317 892 1460 936 solam
1493 893 1680 934 formam
1723 904 1818 933 esse
1841 908 1881 931 10

264 980 441 1008 causam
457 965 760 1007 distinccionis
773 971 818 1006 et
835 965 1073 1006 divisionis.
1119 965 1237 1006 Nam
1253 978 1340 1005 una
1357 963 1542 1005 materia
1559 968 1626 1003 est
1642 961 1728 1003 alia
1743 974 1820 1015 per

265 1033 505 1076 essenciam
527 1032 585 1074 ab
607 1032 705 1082 alia,
723 1033 835 1075 sicut
853 1039 979 1088 patet
996 1033 1206 1087 quoniam
1225 1032 1435 1073 dividitur
1451 1044 1530 1086 per
1546 1028 1820 1071 differencias

265 1102 493 1158 specificas
522 1104 635 1145 sicut
664 1103 817 1154 forma,
840 1109 884 1144 et
915 1103 1016 1144 ideo
1046 1102 1195 1144 asinus
1224 1115 1313 1143 non
1343 1101 1489 1143 differt
1517 1101 1575 1143 ab
1605 1113 1721 1153 equo
1742 1112 1821 1153 per

266 1173 407 1216 solam
429 1174 630 1223 formam,
648 1179 715 1214 set
738 1187 816 1227 per
838 1174 1069 1214 materiam
1093 1172 1226 1214 aliam
1241 1171 1503 1228 specificam.
1550 1170 1590 1211 N
1597 1183 1646 1212 ec
1663 1169 1821 1223 aliquis

266 1251 397 1287 autor
417 1244 674 1299 appropriat
705 1243 1005 1285 differenciam
1033 1256 1177 1284 rerum
1204 1243 1358 1285 formis
1380 1248 1568 1292 tantum,
1590 1246 1657 1282 set
1680 1239 1821 1294 magis
1843 1256 1883 1289 15

268 1312 494 1353 evidenter
529 1319 574 1354 et
615 1311 833 1353 efficacius
871 1311 1102 1352 distinccio
1145 1317 1210 1352 est
1245 1324 1323 1365 per
1359 1309 1546 1351 formam
1579 1321 1712 1363 quam
1745 1320 1822 1361 per

270 1382 515 1432 materiam,
530 1382 634 1435 quia
653 1382 793 1435 magis
811 1388 877 1423 est
894 1381 1022 1423 nobis
1037 1387 1153 1431 nota,
1171 1388 1214 1422 et
1229 1380 1332 1434 quia
1346 1380 1538 1422 nobilior
1555 1385 1632 1420 est.
1665 1376 1670 1434 Ι
1708 1378 1822 1418 Item

269 1452 631 1494 inconvenienter
647 1458 820 1506 ponunt
833 1451 1010 1505 quando
1027 1457 1191 1506 negant
1205 1450 1394 1492 formam
1409 1447 1824 1502 communem,quia

269 1522 409 1564 forme
450 1528 517 1564 est
559 1522 768 1573 dividere,
805 1521 909 1575 quia
946 1522 1031 1563 ista
1063 1521 1219 1563 divisio
1263 1534 1406 1562 rerum
1444 1532 1523 1574 per
1555 1519 1720 1560 formas
1756 1522 1824 1559 est

272 1606 349 1646 per
375 1593 542 1635 formas
568 1591 796 1647 specificas
828 1605 916 1632 non
944 1606 1020 1645 per
1049 1591 1317 1646 generalem,
1340 1597 1384 1631 et
1412 1591 1513 1632 ideo
1539 1595 1688 1644 potest
1719 1587 1824 1642 poni
1846 1607 1888 1629 20

272 1659 414 1702 forma
446 1660 674 1715 generaliS,
710 1672 798 1701 non
832 1658 1039 1701 obstante
1076 1659 1290 1700 divisione
1326 1657 1543 1712 specifica.
1607 1656 1669 1698 Et
1699 1661 1825 1709 patet

272 1742 351 1783 per
372 1727 722 1782 descripcionem
752 1726 917 1768 factam
944 1727 1065 1780 quod
1094 1740 1147 1768 eo
1174 1726 1310 1768 modo
1337 1725 1563 1767 descendit
1583 1723 1826 1777 descripcio

271 1813 297 1840 a
320 1798 466 1853 capite
488 1811 577 1839 uno
599 1811 625 1839 a
653 1804 779 1852 parte
808 1795 1050 1838 formarum
1076 1796 1191 1838 sicut
1218 1811 1245 1838 a
1272 1801 1401 1850 parte
1430 1795 1614 1837 materie
1637 1801 1682 1836 et
1702 1808 1826 1836 com-

274 1869 419 1923 positi.
486 1868 599 1909 Item
633 1867 886 1909 substancia
917 1867 1167 1920 composita
1198 1865 1531 1921 generalissima
1561 1877 1649 1906 non
1678 1869 1827 1918 potest

274 1939 481 1993 componi
503 1952 561 1980 ex
584 1938 678 1980 sola
706 1938 890 1980 materia
916 1937 1070 1992 prima,
1093 1951 1199 1992 ergo
1223 1950 1281 1976 ex
1303 1935 1444 1977 forma
1469 1935 1613 1989 prima
1633 1935 1746 1977 sicut
1769 1948 1827 1976 ex
1848 1956 1888 1988 25

275 2010 474 2051 materia.
532 2009 648 2050 Item
686 2022 788 2049 cum
830 2008 933 2049 dico
974 2008 1094 2061 quod
1136 2005 1334 2061 quelibet
1375 2005 1541 2060 species
1573 2004 1828 2046 substancie

274 2080 520 2134 composite
546 2085 615 2121 est
641 2077 897 2120 substancia
926 2077 1189 2131 composita,
1216 2082 1261 2118 et
1293 2076 1394 2117 ideo
1426 2074 1681 2117 substancia
1711 2088 1828 2116 com-

323 2206 385 2226 1-2
410 2195 602 2236 Capitulum
621 2218 629 2226 .
648 2218 656 2226 .
677 2218 684 2226 .
705 2193 909 2226 divisionem
925 2203 992 2225 om.
1008 2192 1043 2222 D
1160 2202 1174 2222 1
1200 2191 1264 2233 6¹¹¹]
1282 2191 1483 2231 secundum,
1503 2191 1536 2222 in
1553 2201 1621 2231 quo
1638 2189 1834 2221 innuiturF

275 2259 296 2289 3
322 2249 391 2280 Per
407 2272 415 2280 .
433 2275 439 2281 .
460 2273 467 2280 .
485 2247 604 2289 unam]
631 2247 668 2279 Si
693 2247 770 2287 quis
795 2246 899 2287 igitur
923 2245 1119 2277 consideret
1147 2245 1234 2276 hanc
1261 2244 1534 2284 descripcionem
1564 2243 1674 2284 primo
1702 2242 1829 2273 videbit

275 2302 366 2341 quod
383 2300 526 2332 materia
541 2311 611 2332 non
629 2305 681 2332 est
698 2310 766 2331 una
782 2299 846 2330 FD
863 2302 946 2339 (uno
966 2297 1015 2338 F>
1275 2306 1340 2336 4-5
1364 2295 1643 2336 generalissimo:
1680 2293 1827 2336 Eodem]

275 2353 534 2393 generalissimo
558 2353 648 2384 sicut
672 2352 832 2393 superius
856 2352 1128 2382 demonstratum
1154 2354 1220 2389 est,
1244 2355 1279 2380 et
1303 2359 1424 2380 omnes
1447 2349 1604 2380 raciones
1628 2358 1692 2387 que
1716 2346 1829 2388 posite

274 2411 355 2437 sunt
372 2406 417 2437 ibi
435 2406 704 2437 manifestantur
720 2415 782 2445 per
797 2405 886 2435 hanc
904 2402 1185 2443 descripcionem.
1237 2401 1280 2432 Et
1298 2402 1420 2433 eodem
1436 2401 1500 2431 FD
1635 2409 1656 2440 5
1680 2399 1753 2441 qui]
1771 2398 1830 2439 qui

274 2458 409 2498 publice
424 2458 488 2489 FD
585 2459 607 2489 6
632 2468 699 2489 una
716 2468 783 2489 om.
802 2457 838 2487 D
954 2466 993 2487 10
1017 2455 1236 2495 decipiuntur
1253 2453 1414 2495 propter]
1432 2453 1579 2493 turpiter
1594 2452 1730 2492 decepti
1748 2455 1829 2482 sunt

276 2521 338 2550 per
354 2511 417 2541 FD
554 2521 593 2541 12
618 2515 710 2551 patet
728 2508 906 2550 quoniam]
925 2509 1032 2540 forma
1057 2507 1135 2548 quia
1151 2507 1193 2537 M
1336 2517 1375 2546 14
1401 2505 1490 2547 Nec]
1510 2505 1582 2536 Nec
1599 2514 1747 2544 unquam
1763 2503 1830 2534 FD

280 2572 319 2602 15
344 2563 477 2604 formis]
494 2563 600 2595 forme
615 2563 679 2594 FD
837 2563 877 2592 16
902 2559 1062 2602 sormam]
1080 2560 1207 2591 formas
1222 2558 1286 2589 FD
1449 2567 1486 2597 17
1511 2557 1590 2597 quia
1606 2555 1731 2598 magis]
1748 2555 1830 2596 quia

280 2614 389 2647 forma
404 2616 515 2656 magis
530 2615 596 2646 FD
685 2614 784 2657 nota]
802 2620 883 2646 nota
899 2623 1003 2654 quam
1022 2612 1166 2643 materia
1181 2611 1245 2642 FD
1347 2609 1403 2642 alt.
1420 2609 1517 2651 quia]
1534 2609 1613 2649 quia
1629 2613 1751 2640 natura
1767 2607 1831 2639 FD

279 2667 348 2709 est]
367 2668 443 2699 ideo
461 2668 628 2699 efficacius
644 2666 845 2711 dis}tinguit‚
862 2671 915 2698 set
932 2677 999 2697 non
1016 2665 1125 2697 solum
1139 2669 1176 2695 ut
1192 2663 1296 2704 aliqui
1314 2663 1486 2694 estimant.
1502 2661 1565 2692 FD
1585 2692 1589 2696 ,
1642 2662 1682 2692 18
1706 2659 1828 2702 quum]

279 2720 440 2759 quoniam
458 2720 491 2751 F
626 2731 666 2761 19
691 2719 786 2761 quia]
803 2720 895 2759 quod
912 2719 946 2749 D
1084 2727 1126 2748 22
1150 2717 1272 2748 saetam
1288 2726 1355 2747 om.
1374 2715 1437 2745 FD
1527 2712 1740 2755 descripcio]
1757 2717 1831 2744 tota

281 2772 470 2813 descripcio
485 2773 548 2803 FD
631 2774 674 2804 26
699 2771 802 2814 Item]
822 2772 864 2803 Et
883 2776 1040 2812 preterea
1056 2771 1142 2802 sicut
1156 2768 1221 2799 FD
1311 2777 1352 2808 27
1380 2766 1475 2808 ideo]
1492 2767 1557 2798 hoc
1574 2767 1662 2806 quod
1680 2766 1756 2797 dico
1767 2765 1831 2796 FD
