1934 3152
173 2012 270 2044 331.

1037 127 1062 167 8

275 256 445 304 segetes
482 256 525 290 et
558 248 799 303 legumina:
845 252 912 288 est
945 245 1085 287 eciam
1118 257 1223 298 ager
1260 244 1455 285 consitus
1492 243 1734 294 arboribus,
1771 249 1820 285 ut

277 333 443 361 nemus.
506 318 590 359 Est
615 330 720 372 ager
742 329 941 370 pascuus,
963 321 1011 356 ut
1040 320 1168 368 prata
1195 319 1240 355 et
1262 314 1449 356 deserta.
1513 313 1597 355 Est
1618 327 1723 368 ager
1744 313 1819 367 qui

278 396 399 432 ortus
435 389 609 440 dicitur,
642 387 684 427 in
722 399 812 440 quo
848 384 1092 426 domestice
1125 383 1303 425 arbores
1343 390 1387 426 et
1423 383 1570 426 caules
1607 390 1659 434 et,
1687 382 1822 424 herbe

277 466 320 502 et
355 459 522 501 radices
559 464 653 498 tarn
687 455 894 497 nutritive
926 468 1061 509 quam
1099 452 1383 495 medicinales
1424 459 1646 508 parantur.
1724 452 1822 496 Hec

277 529 410 583 igitur
450 527 637 569 sciencia
678 524 880 567 extendit
930 537 978 565 se
1028 524 1085 566 ad
1125 524 1380 578 perfectam,
1417 522 1820 566 consideracionem
1842 542 1860 575 5

277 598 474 640 omnium
510 595 835 650 vegetabilium,
871 607 1058 648 quorum
1095 594 1258 635 noticia
1292 593 1423 636 nimis
1460 592 1701 648 inperfecta
1736 600 1823 635 tra-

279 668 395 710 ditur
423 668 466 708 in
498 666 610 707 libro
636 664 703 706 De
741 662 1059 718 Vegetabz‘lz'bus
1083 663 1352 714 Aristotelis,
1375 670 1419 705 et
1450 663 1550 705 ideo
1579 663 1824 705 necessaria

279 745 345 780 est
378 736 566 779 sciencia
603 734 824 776 sufficiens
860 735 917 775 de
958 733 1122 787 plantis
1162 739 1206 775 et
1239 734 1453 788 specialis,
1489 748 1575 789 que
1616 734 1660 775 in
1701 733 1823 775 libris

277 806 561 862 Agriculture
596 806 794 847 docetur.
868 802 947 846 Set
982 817 1084 845 cum
1117 817 1325 858 agrorum
1356 804 1528 846 cultura
1560 805 1701 846 eciam
1738 817 1827 846 non

279 883 427 933 potest
449 875 542 917 fieri
564 875 657 916 sine
679 874 808 929 copia
828 873 1087 916 animalium
1113 874 1472 926 domesticorum,
1495 888 1640 929 neque
1660 873 1825 916 utilitas
1848 892 1887 915 10

279 960 497 1002 agrorum,
519 946 728 1001 precipue
750 944 1023 986 consitorum
1048 943 1276 985 arboribus
1308 949 1352 985 et
1381 958 1643 998 pascuorum
1676 948 1721 986 et
1751 943 1826 985 de-

278 1023 506 1066 sertorum,
528 1020 681 1069 posset
701 1013 853 1056 haberi
874 1014 955 1055 nisi
987 1014 1232 1056 nutrientur
1261 1013 1470 1056 animalia
1500 1013 1726 1063 silvestria,
1747 1027 1827 1056 nec

279 1092 393 1129 esset
409 1084 697 1126 humanitatis
713 1083 879 1126 utilitas
896 1084 1162 1126 sufficienter
1175 1090 1408 1138 procurata
1424 1084 1506 1125 nisi
1528 1097 1606 1139 per
1621 1083 1828 1126 animalia

280 1155 504 1202 silvestria,
527 1155 629 1196 ideo
657 1154 864 1196 extendit
891 1169 938 1196 se
964 1154 1047 1197 hec
1072 1154 1258 1196 sciencia
1286 1155 1343 1196 ad
1372 1153 1549 1209 plenam
1578 1154 1826 1196 considera-

279 1227 451 1268 cionem
483 1224 740 1266 animalium
772 1224 986 1277 omnium,
1014 1230 1059 1266 et
1090 1225 1147 1266 ad
1178 1225 1336 1266 horum
1371 1224 1676 1279 cognicionem
1708 1224 1826 1265 misit
1850 1242 1887 1275 15

280 1294 546 1337 Aristoteles
562 1293 686 1348 plura
704 1293 826 1336 milia
841 1293 1071 1336 hominum
1088 1308 1167 1348 per
1183 1294 1385 1350 regiones
1403 1295 1569 1344 mundi,
1587 1294 1827 1337 autoritate

280 1364 530 1407 Alexandri
562 1363 728 1418 Magni,
758 1365 872 1406 sicut
905 1364 1071 1406 Plinius
1112 1364 1275 1415 scribit,
1307 1371 1352 1406 et
1383 1364 1486 1407 fecit
1528 1364 1602 1406 illa
1633 1363 1831 1419 preclara

282 1435 602 1490 quinquaginta
641 1434 869 1477 volumina
908 1433 976 1475 De
1014 1433 1298 1477 Animalibus
1332 1435 1531 1490 superius
1574 1441 1833 1485 memorata,

282 1512 328 1548 et
363 1505 464 1547 ideo
497 1505 579 1546 hec
611 1504 798 1547 sciencia
829 1517 991 1560 magna
1026 1504 1081 1545 de
1114 1503 1276 1559 plantis
1311 1510 1354 1546 et
1387 1504 1650 1547 animalibus
1685 1504 1831 1559 suplet

283 1575 478 1617 defectus
519 1574 730 1616 librorum
761 1574 1066 1616 communium
1107 1574 1364 1617 Aristotelis
1394 1574 1675 1630 vulgatorum
1711 1573 1830 1629 apud
1852 1591 1892 1614 20

283 1645 483 1696 Latinos,
508 1645 584 1699 qui
616 1651 828 1686 vocantur
857 1644 927 1686 De
956 1644 1137 1686 Plantz's
1171 1650 1216 1686 et
1246 1644 1543 1695 Animalibus,
1564 1650 1610 1686 et
1640 1644 1828 1686 traditur

284 1715 328 1755 in
348 1714 469 1755 libris
493 1713 632 1767 Plinii,
653 1720 697 1756 et
729 1715 773 1755 in
806 1713 926 1756 libris
954 1714 1138 1755 Palladii
1166 1714 1234 1754 De
1254 1713 1559 1768 Agricultura,
1583 1720 1628 1756 et
1655 1714 1699 1755 in
1721 1713 1833 1755 libro

290 1783 593 1838 Georgicorum
623 1783 798 1839 Virgilii
839 1797 927 1825 non
969 1783 1152 1838 ignobili
1194 1798 1295 1825 cum
1333 1785 1622 1838 exposicione
1661 1783 1827 1839 egregii

285 1853 646 1895 commentatoris
687 1853 782 1908 ejus
825 1852 973 1902 Servii,
1015 1860 1059 1895 et
1097 1855 1141 1895 in
1175 1853 1324 1895 multis
1357 1854 1486 1902 libris,
1525 1853 1636 1896 sicut
1673 1860 1830 1896 notum

287 1929 351 1964 est
373 1923 645 1978 sapientibus
677 1924 885 1978 expertis.
950 1924 1047 1965 Hec
1077 1931 1229 1966 autem
1260 1923 1551 1978 Agricultura
1582 1923 1742 1965 dicitur
1771 1923 1828 1965 ab
1854 1941 1893 1974 25

287 2006 491 2047 agrorum
513 1993 747 2047 generibus
775 1993 780 2048 1
808 1999 1018 2047 quattuor
1035 1994 1079 2046 in
1101 1994 1262 2048 quibus
1278 1993 1545 2048 vegetabilia
1563 1999 1607 2035 et
1628 1992 1835 2035 animalia

286 2062 599 2116 producuntur.
1493 2068 1500 2076 '

347 2130 548 2173 Sciencia
573 2132 763 2187 septima
785 2139 851 2175 est
872 2133 929 2175 de
946 2133 1126 2175 animali
1144 2132 1364 2182 racionafi,
1381 2132 1561 2185 scilicet,
1577 2133 1633 2175 de
1654 2133 1834 2175 homine

289 2206 333 2241 et
370 2201 577 2255 precipue
613 2203 669 2243 de
703 2203 890 2244 sanitate
926 2209 970 2245 et
1000 2203 1257 2245 infirmitate
1289 2202 1396 2257 ejus,
1419 2210 1462 2244 et
1494 2203 1595 2245 ideo
1626 2203 1683 2245 de
1712 2216 1833 2244 com-

291 2269 517 2323 posicione
545 2277 589 2312 et
620 2273 908 2324 generacione
939 2272 1063 2324 illius,
1094 2273 1189 2315 sine
1221 2272 1382 2327 quibus
1416 2273 1557 2314 eciam
1591 2273 1755 2314 sanitas
1790 2277 1835 2314 et
1854 2289 1896 2320 30

292 2338 524 2381 infirmitas
565 2341 658 2394 ejus
699 2355 787 2383 non
828 2350 1013 2396 possunt
1054 2343 1237 2397 intelligi
1279 2356 1360 2385 nec
1405 2343 1565 2385 doceri.
1646 2342 1834 2385 Constat

292 2421 397 2449 vero
429 2409 547 2462 quod
580 2410 717 2452 homo
749 2419 816 2453 est
851 2426 919 2453 res
955 2412 1178 2464 naturaliS‚
1210 2419 1254 2454 et
1291 2413 1392 2454 ideo
1427 2399 1708 2454 sciencia-de
1743 2411 1837 2466 ejus

342 2545 354 2565 1
382 2535 489 2566 eciam
500 2536 598 2578 ager]
616 2538 706 2569 enim
724 2549 755 2570 a.
775 2537 851 2570 MD
866 2551 874 2571 ε
897 2539 1027 2571 scilicet
1039 2539 1147 2572 eciam
1160 2540 1194 2571 F
1234 2539 1288 2582 ut]
1305 2545 1340 2571 et
1352 2539 1388 2571 D
1468 2540 1488 2570 8
1512 2537 1688 2580 specialis]
1702 2538 1834 2579 specie-

294 2586 357 2617 bus
374 2587 409 2618 D
474 2599 496 2628 9
518 2589 675 2631 docetur]
693 2591 850 2623 dicentur
864 2592 900 2623 D
958 2592 1065 2623 eciam
1083 2604 1150 2625 om.
1169 2592 1236 2623 FD
1306 2603 1346 2623 10
1369 2591 1583 2633 animalium]
1599 2590 1789 2632 aliquorum
1806 2591 1840 2622 F

297 2648 336 2669 12
360 2640 494 2682 posset]
511 2647 654 2681 possent
671 2643 706 2674 D
827 2654 866 2684 13
891 2645 1132 2687 humanitatis]
1149 2646 1296 2677 humana
1312 2644 1378 2676 FD
1467 2643 1609 2685 utilitas]
1625 2643 1785 2675 voluntas
1798 2641 1835 2674 D

298 2699 332 2728 14
361 2700 398 2722 se
415 2702 481 2724 om.
500 2693 536 2724 D
729 2697 767 2727 18
792 2696 1053 2739 quinquaginta]
1072 2697 1145 2728 Lx⁸⁸
1160 2697 1194 2729 F
1336 2707 1380 2728 20
1402 2696 1566 2728 librorum
1591 2695 1835 2737 communium]

296 2743 451 2775 omnium
467 2744 503 2775 D
644 2757 686 2785 24
711 2748 841 2790 multis]
866 2748 982 2781 multis
1004 2749 1081 2781 aliis
1094 2749 1160 2781 FD
1301 2758 1343 2789 25
1366 2749 1536 2791 expertis]
1556 2753 1589 2780 et
1606 2748 1759 2789 expertis
1771 2747 1837 2779 FD

297 2796 339 2825 28
361 2797 522 2838 septima]
539 2803 638 2830 sexta
653 2799 689 2830 D
704 2810 781 2832 over
793 2811 926 2832 erasure
1205 2812 1248 2843 29
1271 2801 1542 2843 composicione]
1561 2801 1787 2841 eorrupcione
1802 2799 1838 2831 D

297 2855 341 2885 30
365 2848 471 2879 eciam
488 2859 553 2880 om.
574 2850 639 2881 FD
785 2862 824 2891 31
844 2853 1006 2895 possunt]
1024 2859 1137 2894 potest
1155 2854 1197 2885 M
1342 2864 1385 2894 32
1409 2855 1497 2894 quod
1514 2864 1583 2885 om.
1601 2853 1636 2884 D
