1934 3152
1026 102 1079 144 34

276 208 563 263 equalitatem
582 206 843 261 angulorum
868 204 1110 246 incidencie
1134 211 1177 246 et
1201 203 1464 246 reflexionis.
1529 203 1830 258 Quandocun-

276 292 363 333 que
380 292 485 320 vero
507 277 626 319 cadit
649 276 796 318 radius
813 276 870 317 ad
892 273 1078 328 angulos
1100 274 1317 328 obliquos,
1334 281 1440 330 tunc
1462 267 1653 327 angulus
1674 269 1833 314 acutus

277 355 460 391 vocatur
481 347 669 403 angulus
697 344 949 394 incidencie,
973 351 1017 386 et
1048 345 1104 386 ab
1132 345 1293 387 obtuso
1315 344 1479 398 angulo
1502 350 1735 399 separatur
1757 356 1835 397 per

278 419 441 461 lineam
464 417 677 459 reflexam
700 415 888 470 angulus
912 414 1081 468 equalis
1099 414 1262 469 angulo
1279 414 1530 466 incidencie,
1546 414 1622 467 qui
1644 413 1834 467 angulus

278 488 530 530 continetur
561 487 675 528 inter
706 485 869 526 lineam
903 483 1120 526 reflexam
1152 490 1196 525 et
1233 485 1434 535 densum,
1467 491 1515 526 ut
1548 491 1615 526 est
1647 483 1835 538 angulus
1855 498 1872 530 5

280 559 362 612 dcg
380 564 424 599 et
440 557 511 599 hic
532 561 716 598 vocatur
737 553 924 609 angulus
947 554 1214 604 reflexionis‚
1231 567 1365 607 quem
1389 560 1566 607 oportet
1587 553 1835 595 necessario

281 627 431 683 equari
452 627 616 680 angulo
639 632 770 668 acuto
793 638 817 666 a
840 629 966 678 parte
995 624 1143 665 altera.
1207 623 1307 666 Hoc
1337 624 1392 664 ad
1423 623 1565 665 visum
1594 623 1836 678 probamus

280 700 322 739 in
357 696 559 752 speculis.
637 696 754 736 Nam
793 707 881 736 non
920 707 1154 748 possumus
1192 694 1342 735 videre
1383 694 1466 734 nisi
1502 693 1655 735 oculus
1693 694 1750 735 sit
1791 694 1836 734 in

281 767 469 808 termino
492 764 757 815 reflexionis‚
780 771 829 806 ut
855 764 892 805 si
915 764 1068 806 oculus
1097 764 1153 805 sit
1179 764 1221 805 in
1256 764 1298 814 d,
1321 763 1491 805 videbit
1519 778 1576 813 ας
1609 770 1653 805 et
1675 763 1709 804 si
1732 777 1836 812 non,
1910 811 1912 814 ¹

281 851 370 879 non
402 836 571 878 videbit
604 848 681 889 per
712 835 885 876 radium
919 833 1149 876 reflexum.
1212 834 1272 875 Et
1303 833 1386 875 hec
1417 839 1526 875 nota
1556 840 1674 884 sunt,
1693 840 1838 887 ⁴atque
1859 847 1900 870 10

253 936 260 944 ·
281 905 562 961 experiencie
590 904 593 960 Ι
622 904 729 946 satis
755 904 979 947 dabuntur
1001 905 1057 946 de
1078 904 1164 946 hoc
1187 904 1230 945 in
1254 904 1554 958 sequentibus

341 977 531 1018 Possunt
572 982 722 1017 autem
759 975 1017 1030 congregari
1060 974 1169 1016 radii
1217 973 1377 1015 infiniti
1419 987 1497 1027 per
1539 972 1838 1024 reflexionem,

282 1047 395 1090 sicut
423 1059 500 1100 per
522 1045 957 1100 multiplicacionem,
984 1051 1032 1086 ut
1054 1044 1163 1086 fiant
1186 1043 1516 1085 combustiones
1535 1043 1695 1085 valide.
1758 1042 1840 1086 Set

283 1132 309 1159 a
330 1116 464 1172 plana
485 1115 714 1169 superficie
735 1129 823 1156 non
850 1122 1039 1169 possunt
1062 1115 1172 1156 radii
1199 1113 1458 1168 congregari
1489 1113 1533 1154 in
1564 1127 1714 1166 unum,
1735 1114 1839 1167 quia

284 1200 397 1228 unus
419 1185 544 1227 vadit
565 1185 622 1227 ad
646 1199 782 1226 unum
805 1185 952 1227 locum
975 1191 1020 1226 et
1041 1184 1153 1226 alius
1175 1185 1232 1226 ad
1256 1184 1405 1225 alium.
1461 1183 1556 1224 Nec
1588 1197 1614 1224 a
1635 1197 1839 1225 convexo
1861 1197 1922 1244 ¹⁵5

283 1255 474 1311 speculo,
496 1262 563 1297 set
588 1269 613 1296 a
636 1268 845 1306 concavo,
869 1255 1053 1310 spe1·ico‚
1077 1255 1145 1296 vel
1169 1254 1455 1308 columpnari,
1478 1254 1546 1295 vel
1574 1252 1839 1309 piramidali‚

283 1327 352 1368 vel
374 1324 589 1377 annulari,
610 1325 679 1367 vel
709 1325 835 1376 ovali‚
866 1332 909 1367 et
938 1325 999 1367 sic
1028 1325 1084 1366 de
1111 1325 1219 1367 aliis.
1282 1323 1329 1366 Si
1357 1338 1462 1378 ergo
1484 1324 1714 1379 speculum
1737 1337 1840 1365 con-

285 1409 441 1439 cavum
471 1396 528 1436 ad
557 1394 696 1436 solem
720 1401 926 1450 ponatur,
947 1401 1215 1437 concurrunt
1238 1395 1348 1436 radii
1368 1394 1527 1436 infiniti
1557 1395 1600 1435 in
1624 1400 1839 1448 punctum

286 1480 422 1507 unum
442 1479 521 1520 per
540 1464 841 1507 reflexionem.
902 1465 962 1507 Et
981 1466 1079 1507 ideo
1097 1471 1285 1520 oportet,
1308 1464 1427 1518 quod
1445 1464 1624 1519 speculo
1646 1477 1840 1505 concavo

286 1537 341 1578 ad
365 1536 502 1577 solem
526 1535 686 1589 posito,
710 1536 824 1589 ignis
848 1536 1128 1587 accendatur,
1151 1536 1264 1578 sicut
1278 1535 1386 1577 dicit
1409 1535 1565 1577 ultima
1589 1534 1840 1589 proposicio
1862 1548 1913 1574 20⁴

288 1607 387 1648 libri
416 1605 485 1646 De
514 1605 711 1660 speculis
731 1612 775 1647 et
797 1606 962 1647 ibidem
984 1606 1327 1648 demonstratur.
1389 1604 1467 1647 Set
1496 1605 1840 1646 instrumentum
1911 1591 1913 1595 ⁸

288 1677 344 1718 ad
366 1676 451 1718 hoc
474 1676 639 1718 factum
661 1682 777 1718 esset
798 1676 1000 1730 pulcrum
1024 1675 1166 1729 valde,
1183 1682 1228 1718 et
1249 1681 1355 1718 tunc
1371 1676 1546 1718 videtur
1567 1676 1624 1717 ad
1648 1674 1840 1726 oculum,

288 1748 399 1788 sicut
422 1747 542 1801 prius
566 1745 735 1787 dictum
767 1753 833 1788 est
855 1747 911 1788 de
941 1746 1170 1788 fraccione.
1233 1745 1368 1788 Unde
1399 1745 1434 1786 si
1463 1744 1588 1787 fieret
1613 1745 1839 1799 speculum

287 1818 343 1858 de
374 1816 515 1858 calibe
545 1817 679 1867 bono,
710 1815 781 1858 vel
813 1815 983 1858 facilius
1014 1818 1070 1859 de
1101 1823 1298 1870 argento,
1328 1816 1545 1858 accideret
1580 1815 1840 1866 combustio,
1912 1855 1913 1858 ,

288 1895 352 1929 set
371 1900 459 1928 una
480 1886 730 1931 combustio
744 1900 833 1929 non
849 1885 901 1930 fit
923 1900 1001 1941 per
1017 1900 1172 1929 omnes
1188 1887 1331 1929 radios
1348 1887 1558 1929 cadentes
1576 1886 1619 1927 in
1645 1885 1841 1941 speculo,
1862 1894 1917 1938 25(-

288 1959 365 2000 sed
388 1971 466 2012 per
487 1956 605 1999 solos
628 1956 725 1999 illos
747 1957 821 2012 qui
845 1957 1009 1999 cadunt
1026 1966 1103 2012 per
1120 1957 1524 2004 circumferenciam
1543 1956 1669 1998 unius
1692 1956 1840 1999 circuli
1915 1946 1917 1950 ¹

289 2028 401 2069 circa
422 2040 556 2068 axem
575 2026 754 2081 speculi.
820 2027 881 2070 Et
904 2027 1007 2081 quia
1024 2040 1178 2069 omnes
1201 2027 1276 2082 qui
1294 2027 1458 2070 cadunt
1481 2027 1524 2067 in
1547 2040 1634 2068 una
1655 2027 1840 2069 circum·
1913 2072 1915 2075 ,

289 2097 477 2140 ferencia
518 2098 681 2139 cadunt
733 2098 789 2139 ad
831 2097 1018 2153 angulos
1070 2097 1261 2152 equales,
1304 2097 1405 2140 ideo
1449 2096 1733 2140 reflectuntur
1782 2098 1840 2139 ad
1905 2146 1907 2150 Α

289 2175 502 2222 punctum
534 2180 671 2209 unum
695 2167 737 2208 in
760 2180 858 2217 axe,
883 2167 987 2222 quia
1008 2167 1157 2223 anguli
1186 2167 1477 2210 reflexionum
1505 2173 1607 2209 sunt
1632 2166 1840 2221 equales;

289 2244 333 2279 et
354 2237 429 2291 qui
452 2238 615 2279 cadunt
638 2237 681 2278 in
705 2237 792 2278 alia
808 2237 1094 2280 circulacione
1116 2238 1303 2279 redeunt
1321 2237 1377 2278 ad
1400 2236 1520 2279 aliud
1542 2243 1773 2292 punctum,
1795 2243 1839 2278 et
1859 2245 1902 2279 30

290 2307 364 2360 qui
387 2307 430 2347 in
451 2305 587 2348 tercia
609 2307 665 2347 ad
688 2307 887 2357 tercium,
904 2313 947 2348 et
969 2307 1030 2348 sic
1053 2308 1108 2349 de
1131 2306 1314 2349 infinitis
1336 2305 1505 2349 circulis
1526 2306 1840 2361 ymaginandis

291 2377 403 2417 circa
420 2390 554 2417 axem
578 2376 757 2430 speculi.
811 2376 1004 2432 Oportet
1034 2378 1149 2419 enim
1173 2378 1293 2431 quod
1316 2378 1373 2418 ad
1397 2383 1561 2431 puncta
1575 2377 1745 2418 diversa
1765 2389 1839 2418 va-

292 2447 397 2487 dant
420 2446 527 2487 radii
546 2446 752 2488 cadentes
770 2447 812 2487 in
831 2447 1014 2488 diversis
1029 2446 1407 2498 circumferenciis,
1421 2452 1601 2500 propter
1617 2445 1700 2488 hoc
1718 2446 1838 2499 quod

334 2571 372 2592 21
400 2563 454 2592 De
475 2564 649 2599 speculis
667 2587 674 2595 .
695 2587 703 2595 .
723 2561 750 2604 .]
796 2563 870 2595 The
889 2562 1072 2605 catoptrica
1090 2563 1256 2605 formerly
1273 2563 1460 2595 attributed
1478 2567 1513 2594 to
1531 2561 1663 2595 Euclid.

336 2672 352 2701 7
380 2662 472 2703 Hoc]
492 2663 535 2694 Et
553 2664 616 2695 hoc
633 2663 686 2695 F:
711 2663 753 2694 Et
770 2663 805 2695 D
934 2665 954 2695 8
980 2664 1063 2706 nisi]
1082 2675 1138 2696 res
1156 2664 1221 2696 nisi
1238 2664 1300 2695 FD
1432 2673 1472 2695 10
1495 2662 1573 2704 per]
1593 2673 1654 2703 per
1670 2662 1763 2694 illum
1775 2661 1838 2694 FD

294 2723 332 2753 13
357 2724 417 2754 per
430 2715 538 2746 om.F
623 2725 662 2755 15
686 2716 730 2746 ad
747 2739 755 2748 .
777 2738 809 2747 ..
829 2716 889 2757 ad]
907 2716 940 2747 in
959 2740 966 2748 .
984 2740 991 2748 .
1011 2740 1019 2748 .
1042 2717 1075 2747 in
1091 2716 1125 2747 F
1224 2717 1264 2747 16
1287 2715 1439 2757 spei-ico]
1458 2714 1629 2756 spericiD
1721 2715 1759 2745 18
1784 2715 1836 2758 in]

291 2766 333 2797 ad
350 2765 385 2796 D
495 2777 537 2798 22
552 2766 704 2808 videtur]
722 2767 895 2799 videretur
910 2768 944 2799 F
1052 2779 1094 2808 23
1119 2768 1223 2809 sicut]
1242 2773 1279 2799 ut
1296 2767 1331 2799 D
1406 2767 1452 2809 si]
1471 2778 1540 2799 non
1557 2767 1590 2798 F
1708 2769 1751 2799 26
1775 2777 1838 2807 per

291 2817 618 2861 circumferenciam]
636 2819 671 2850 in
689 2819 968 2852 circumserencia
979 2819 1042 2851 FD
1132 2821 1174 2851 28
1200 2819 1293 2861 ideo]
1311 2824 1343 2851 et
1364 2819 1440 2851 ideo
1459 2819 1493 2850 D
