1934 3152
136 581 262 614 25:11.

1031 64 1086 106 92

281 176 436 224 patent
466 171 508 210 in
538 169 652 211 linea
682 168 992 210 universalium
1021 173 1088 208 set
1118 167 1160 207 in
1187 165 1303 207 linea
1330 163 1630 219 singularium,
1652 167 1834 218 propter

281 240 625 296 descripcionem
648 239 811 280 factam
835 238 1084 291 utrobique.

620 397 894 457 [Capitulum
920 404 988 452 7¹³².
1051 397 1103 438 de
1124 392 1479 452 universalibus]

341 493 418 535 Set
445 492 539 546 jam
572 498 727 546 patent
759 492 951 545 quedam
974 490 1254 532 difficultates
1286 503 1445 543 magne
1476 496 1521 531 et
1554 488 1683 529 utiles
1704 487 1834 529 valde

282 564 324 604 in
358 562 656 618 Logicalibus‚
679 561 982 615 Naturalibus‚
1022 569 1067 603 et
1110 560 1460 616 Methaphisicis.
1490 559 1494 615 l
1526 559 1629 601 Una
1670 565 1736 600 est
1779 558 1834 599 de
1855 576 1872 607 5

282 634 510 687 prioritate
566 632 823 674 universalis
881 633 937 673 ad
996 630 1260 686 particulare
1315 630 1558 672 secundum
1615 635 1831 670 naturam.

282 705 514 758 Nusquam
552 703 670 743 enim
712 708 815 744 sunt
857 709 926 744 tot
966 702 1229 744 autoritates
1269 701 1501 744 contrarie.
1564 699 1833 742 Aristoteles

278 774 392 815 enirn
422 772 531 815 dicit
561 773 604 814 in
633 773 778 828 primo
801 772 870 813 De
896 773 1068 814 Anima
1099 771 1220 825 quod
1253 770 1499 812 universale
1527 778 1604 813 aut
1634 768 1833 811 naturale

279 851 345 886 est
388 851 464 885 aut
501 843 722 898 posterius
759 850 838 895 est,
880 849 924 885 et
972 844 1016 884 in
1057 844 1129 882 16⁰
1169 841 1239 883 De
1273 841 1556 883 Animalibus
1591 840 1703 882 dicit·
1734 852 1833 891 con-

280 914 476 966 trarium,
520 920 564 956 et
614 914 657 955 in
700 915 844 969 primo
886 913 1166 955 Plzisicommz
1216 918 1259 953 et
1301 913 1344 953 in
1386 912 1537 953 multis
1577 910 1673 953 aliis
1713 910 1833 962 locis,
1855 925 1895 947 10

278 984 476 1039 loquitur
504 985 560 1027 de
589 985 671 1026 hac
701 984 1024 1035 contrarietate,
1053 990 1097 1025 et
1127 983 1358 1024 Avicenna
1387 982 1530 1037 primo
1551 981 1832 1023 Plzisicorzcm

279 1054 478 1098 similiter
509 1055 716 1110 loquitur,
746 1056 826 1097 sed
857 1055 901 1096 in
933 1061 1064 1097 sexto
1095 1052 1412 1108 Methaplzz'sz'ce
1442 1053 1574 1095 docet
1598 1052 1832 1094 veritatem

280 1139 358 1180 per
389 1139 522 1180 quam
561 1139 663 1167 cum
701 1125 925 1180 adjutorio
963 1125 1088 1167 istius
1122 1125 1350 1167 divisionis
1381 1129 1505 1180 patet
1536 1124 1645 1178 quid
1679 1130 1831 1165 tenen-

279 1197 386 1237 dum
419 1202 497 1238 est.
559 1196 734 1238 Natura
765 1195 1000 1250 dupliciter
1032 1202 1097 1237 est
1119 1195 1375 1237 universalis
1398 1201 1442 1236 et
1464 1193 1750 1249 particularis,
1784 1199 1833 1234 ut

279 1267 510 1308 Avicenna
559 1267 690 1308 docet
742 1267 790 1306 6⁰
841 1265 1173 1321 Metlaaplnkice.
1256 1264 1531 1308 Universalis
1578 1270 1646 1307 est
1694 1264 1832 1305 virtus
1855 1280 1892 1312 15

280 1337 464 1391 regitiva
502 1336 691 1378 universi
729 1336 887 1378 diffusa
929 1337 972 1378 in
1013 1337 1289 1379 substancias
1332 1336 1524 1379 celorum
1563 1349 1642 1391 per
1683 1335 1832 1377 omnia

278 1421 462 1462 corpora
497 1407 662 1459 mundi,
695 1413 739 1449 et
777 1414 842 1449 est
874 1408 918 1448 in
955 1422 1043 1462 quo
1078 1408 1227 1450 omnia
1260 1422 1446 1462 corpora
1479 1405 1757 1455 conveniunt,
1788 1412 1832 1447 et

280 1491 358 1532 per
392 1491 525 1531 quam
562 1477 713 1519 omnia
749 1477 974 1519 salvantur
1011 1479 1206 1532 quadam
1243 1478 1440 1534 generali
1478 1476 1751 1532 perfeccione
1788 1483 1831 1517 et

279 1548 432 1598 salute,
470 1554 514 1589 et
555 1547 636 1589 hec
679 1553 835 1589 natura
877 1547 1134 1589 universalis
1171 1555 1237 1590 est
1275 1554 1432 1590 natura
1468 1546 1708 1601 corporalis
1745 1560 1832 1601 que

278 1631 356 1672 per
396 1618 641 1659 secundum
683 1631 840 1672 genus,
884 1619 1003 1672 quod
1048 1625 1115 1660 est
1156 1632 1329 1673 corpus,
1360 1618 1629 1671 designatur,
1667 1622 1711 1659 et
1751 1616 1829 1658 hec
1853 1629 1892 1651 20

278 1693 435 1729 natura
466 1687 666 1730 excludit
699 1688 848 1730 omnia
881 1688 1239 1730 inconveniencia
1275 1702 1362 1742 que
1402 1687 1486 1730 toti
1525 1688 1727 1729 universo
1764 1700 1830 1728 re—

278 1763 479 1813 pugnant
507 1764 555 1799 ut
582 1764 649 1799 est
670 1772 872 1800 vacuum.
926 1759 1045 1800 Nam
1075 1759 1210 1800 cicius
1240 1757 1527 1813 conjungeret
1560 1756 1703 1799 celum
1729 1769 1830 1799 cum

280 1835 399 1870 terra
421 1841 556 1882 quam
578 1842 767 1870 vacuum
788 1829 1035 1870 sustineret.
1101 1828 1272 1883 Corpus
1296 1828 1411 1870 enim
1430 1827 1629 1869 naturale
1642 1840 1830 1870 vacuum

279 1911 367 1939 non
402 1898 631 1953 permittit,
668 1898 771 1952 quia
805 1898 900 1940 vult
942 1899 1106 1941 habere
1148 1898 1344 1940 medium
1387 1897 1600 1947 naturale,
1642 1904 1686 1939 et
1729 1898 1829 1939 ideo

279 1969 459 2022 quando
487 1981 603 2023 aqua
629 1975 696 2010 est
729 1969 772 2009 in
802 1983 904 2010 vase
935 1960 1156 2023 perfoi·ato
1189 1968 1383 2019 inferius,
1415 1981 1506 2010 non
1535 1967 1763 2010 descendit
1795 1967 1829 2008 si
1851 1979 1890 2010 25

279 2037 494 2079 orificium
533 2038 799 2089 obstruatur,
836 2045 904 2081 set
940 2039 1023 2080 hoc
1060 2052 1146 2080 non
1183 2044 1251 2080 est
1288 2052 1346 2079 ex
1383 2044 1541 2080 natura
1577 2037 1829 2093 particulari

277 2121 404 2162 aque,
440 2108 544 2162 quia
580 2122 638 2149 ex
675 2108 758 2151 hac
797 2110 1039 2161 descendit,
1078 2115 1144 2151 set
1180 2121 1239 2149 ex
1276 2114 1430 2150 natura
1467 2108 1701 2150 universali
1742 2121 1829 2162 que

277 2191 466 2219 vacuum
514 2191 602 2219 non
643 2179 845 2231 sustinet,
888 2179 991 2233 quia
1033 2186 1188 2220 natura
1230 2178 1471 2233 corporalis
1512 2191 1600 2220 non
1642 2177 1829 2219 sustinet

278 2248 541 2289 divisionem
579 2262 813 2303 corporum
847 2248 1125 2290 naturalium.
1189 2247 1400 2290 Similiter
1421 2248 1506 2290 hoc
1529 2261 1618 2290 non
1647 2247 1826 2302 permit-

279 2324 393 2359 teret
430 2317 639 2359 animalia
669 2319 799 2360 bruta
829 2332 924 2361 esse
962 2317 1241 2369 immortalia,
1266 2319 1370 2372 quia
1402 2326 1559 2360 natura
1589 2316 1828 2373 corporalis
1847 2333 1889 2365 30

322 2427 343 2457 8
366 2428 488 2463 primo
506 2428 561 2458 De
577 2424 732 2467 Anima]
751 2426 772 2457 1.
789 2426 811 2466 i,
831 2436 859 2457 c.
878 2428 910 2458 8.
1008 2436 1030 2466 9
1054 2428 1115 2456 16⁰
1132 2427 1187 2457 De
1204 2424 1465 2467 Animalibus]
1480 2425 1533 2456 De
1551 2425 1628 2457 Gen.
1647 2424 1734 2463 Am,
1751 2424 1771 2456 1.
1790 2424 1823 2455 ii.

283 2489 323 2510 10
345 2481 468 2516 primo
485 2478 742 2520 Phisicorum]
762 2479 782 2510 l.
803 2480 824 2520 i,
845 2489 872 2510 c.
893 2490 922 2518 4.
1027 2488 1065 2509 12
1089 2481 1129 2510 6⁰
1146 2477 1442 2519 Methaphisioe]
1459 2477 1481 2509 l.
1498 2478 1543 2518 vi,
1561 2488 1590 2509 c.
1609 2487 1629 2517 5
1646 2477 1681 2509 in
1699 2477 1823 2508 medio.

280 2530 441 2571 Intelligo
451 2535 566 2562 autem
579 2541 642 2571 per
653 2536 809 2563 naturam
821 2531 1059 2572 particularem
1071 2530 1230 2562 virtutem
1244 2530 1413 2570 propriam
1433 2530 1524 2570 regis
1537 2529 1637 2561 unius
1648 2529 1826 2569 individui,

280 2589 314 2614 et
338 2583 493 2623 intelligo
517 2592 580 2623 per
602 2589 757 2615 naturam
783 2584 1009 2615 universalem
1036 2583 1199 2614 virtutem
1222 2582 1368 2613 infusam
1386 2582 1418 2612 in
1435 2581 1644 2614 substantias
1660 2583 1823 2623 celorum,

279 2636 375 2675 quasi
392 2646 494 2666 unam
512 2645 583 2666 rem
601 2641 634 2666 et
652 2636 900 2676 gubernantem
918 2636 1175 2667 universitatem
1193 2635 1453 2674 generationum
1472 2659 1479 2667 .
1497 2659 1504 2666 .
1525 2658 1533 2666 .

326 2739 337 2758 1
367 2734 486 2768 patent
503 2730 536 2760 in
553 2729 660 2772 linea]
679 2735 800 2770 patent
819 2730 1023 2761 universalia
1039 2730 1072 2760 F
1300 2740 1320 2759 2
1345 2729 1482 2771 saetam]
1502 2740 1567 2769 que
1585 2729 1673 2761 facta
1690 2736 1742 2761 est
1759 2729 1824 2760 FI)

277 2791 297 2820 3
322 2781 513 2820 Capitulum
532 2784 576 2821 7¹¹¹
591 2806 598 2813 .
622 2807 629 2814 .
645 2807 652 2814 .
669 2793 736 2814 om.
756 2782 819 2812 FD
836 2782 884 2813 ad
898 2782 1085 2814 Distinccio
1102 2784 1139 2822 4¹²
