1934 3152
1034 83 1086 125 72

284 193 428 228 totum
446 185 469 238 ⁵,
491 199 626 240 quare
649 199 737 227 non
763 186 899 243 partis
927 186 968 225 in
999 193 1170 238 partem
1201 198 1281 227 nec
1307 186 1348 226 in
1376 192 1534 227 totum.
1571 215 1573 217 -
1596 185 1718 239 Ergo
1740 197 1829 226 non

285 257 420 297 solius
464 257 644 298 materie
682 256 724 296 in
767 255 1062 309 compositum
1098 262 1164 296 est
1204 255 1538 304 transmutacio,
1581 261 1648 297 set
1675 254 1831 296 ·tocius

285 326 520 381 compositi
544 325 783 367 materialis
806 325 849 365 in
871 331 1016 366 totum
1039 332 1297 380 generatum
1327 325 1573 379 perfectum
1596 332 1640 366 et
1663 325 1707 365 in
1728 331 1831 367 actu

286 397 571 451 completum.

346 466 600 509 Secundum
623 466 706 507 hoc
736 465 870 520 igitur
899 465 1141 507 tenendum
1173 473 1252 518 est,
1274 467 1395 520 quod>
1422 465 1670 520 subjectum
1700 478 1831 520 gene·
1851 484 1869 516 5

288 537 475 579 racionis
498 542 564 578 est
586 535 891 577 universaliter
920 549 988 577 res
1009 535 1196 590 alicujus
1224 536 1396 590 generis
1422 542 1622 590 respectu
1643 537 1831 577 duarum

287 608 543 661 specierum,
565 612 610 648 et
639 620 706 647 res
732 605 947 648 individui
979 607 1149 660 generis
1182 613 1382 661 respectu
1415 607 1741 648 individuorum
1767 606 1833 648 di-

286 690 508 718 versarum
531 676 791 731 specierum.
855 675 915 718 Et
934 676 1034 718 ideo
1057 676 1306 730 subjectum
1325 677 1515 731 primum
1532 677 1834 732 generacionis

285 746 501 801 prime‚de
518 760 605 800 qua
619 745 688 788 hic
706 745 940 800 loquimur,
949 752 1016 788 est
1037 760 1175 801 genus
1191 760 1290 788 cum
1305 761 1385 788 suo
1399 747 1624 789 individuo
1641 747 1832 802 primum

288 818 406 871 quod
429 821 577 870 potest
599 830 694 858 esse
715 816 972 859 immediate
995 830 1230 858 commune
1252 807 1453 872 respectu
1482 817 1680 858 omnium
1701 830 1832 876 gene·
1855 830 1896 852 10

290 885 508 937 rabilium,
531 892 575 928 et
605 886 689 928 hoc
715 892 783 928 est
812 900 970 941 corpus
996 900 1084 928 non
1113 886 1283 939 celeste,
1309 894 1353 929 et
1384 901 1473 929 non
1500 888 1682 929 materia
1711 887 1834 942 ejus;

289 963 356 998 set
378 957 535 998 eadem
569 956 744 998 racione
774 970 853 998 nec
882 957 1037 1005 forma,
1063 957 1166 1010 quia
1193 963 1259 999 est
1292 957 1336 998 in
1368 957 1572 1011 potencia
1599 958 1656 999 ad
1685 964 1834 1000 actum

290 1041 418 1068 suum
441 1027 553 1068 sicut
580 1027 764 1068 materia
792 1027 849 1068 ad
879 1041 1022 1080 suum,
1049 1035 1093 1069 et
1120 1033 1265 1068 totum
1296 1028 1593 1082 compositum
1622 1029 1678 1070 ad
1706 1042 1833 1070 suum

289 1101 437 1136 actum
460 1100 504 1135 et
526 1093 917 1148 complementum.
981 1094 1041 1136 Et
1070 1095 1172 1137 ideo
1203 1094 1385 1136 materia
1414 1095 1624 1137 naturalis
1652 1108 1739 1149 que
1768 1102 1834 1137 est

290 1164 538 1218 subjectum
559 1164 861 1218 generacionis
893 1178 981 1207 non
1013 1172 1079 1207 est
1112 1179 1220 1218 pura
1252 1165 1437 1206 materia
1469 1178 1611 1220 neque
1642 1165 1747 1218 sola,
1769 1173 1836 1208 set
1857 1180 1895 1213 15

289 1233 597 1288 compositum,
635 1239 684 1275 ut
735 1234 905 1276 dictum
939 1241 1017 1277 est.
1096 1235 1158 1277 Et
1190 1234 1322 1276 simul
1369 1249 1470 1276 cum
1516 1249 1568 1277 eo
1616 1235 1837 1278 invenitur

289 1304 495 1359 privacio‚
533 1304 637 1358 quia
673 1303 943 1347 Aristoteles
977 1305 1071 1347 vult
1104 1306 1225 1360 quod
1259 1306 1452 1359 privacio
1483 1305 1704 1349 coincidat
1734 1319 1836 1347 cum

290 1373 505 1415 materiali
547 1374 776 1428 principio,
817 1375 1027 1429 quoniam
1069 1390 1147 1430 per
1191 1376 1331 1429 ipsam
1373 1375 1423 1417 fit
1458 1375 1684 1431 appetitus
1725 1390 1836 1418 nove

290 1444 430 1484 forme
462 1449 506 1484 et
537 1444 639 1485 novi
671 1451 808 1496 actus,
831 1452 876 1487 et
903 1459 1079 1500 semper
1108 1446 1384 1487 machinatur
1414 1447 1470 1487 ad
1502 1446 1834 1500 corrupcionem

291 1513 407 1555 illius
440 1527 575 1568 quam
612 1514 760 1566 habet,
794 1521 837 1556 et
873 1515 1034 1570 loquor
1067 1516 1123 1557 de
1165 1514 1315 1557 formis
1358 1530 1444 1570 que
1477 1517 1717 1558 succedunt
1751 1516 1835 1558 sibi
1858 1529 1898 1551 20

292 1583 479 1625 invicem
522 1584 564 1624 in
616 1585 832 1626 materiali
873 1585 1088 1639 principio
1131 1584 1220 1636 tali,
1263 1592 1307 1627 et
1349 1592 1449 1627 sunt
1491 1586 1577 1627 due
1618 1587 1837 1628 contrarie

292 1652 543 1695 differencie
565 1654 764 1708 specifice
793 1669 869 1698 seu
897 1656 1063 1709 species
1092 1655 1196 1710 ipse,
1219 1656 1321 1709 quia
1350 1656 1465 1697 sicut
1494 1655 1579 1696 hoc
1610 1655 1836 1698 materiale

150 1741 226 1775 19a
247 1742 272 1763 ι.
293 1724 553 1778 principium
593 1737 680 1766 non
722 1731 789 1767 est
828 1724 832 1778 Ι
875 1739 986 1779 pura
1029 1726 1212 1767 materia
1245 1732 1313 1767 set
1351 1739 1486 1766 unum
1524 1726 1836 1780 compositum,

291 1793 351 1834 sic
383 1792 569 1836 formale
599 1807 688 1835 non
719 1802 784 1836 est
817 1809 927 1848 pura
959 1794 1100 1837 forma
1125 1802 1192 1837 set
1218 1796 1525 1850 compositum,
1547 1796 1725 1846 scilicet,
1749 1795 1835 1838 dif-

293 1864 482 1906 ferencia
503 1865 750 1918 composita
781 1866 850 1907 vel
883 1866 1062 1920 species.
1125 1866 1185 1908 Et
1217 1866 1310 1917 hee,
1335 1867 1435 1908 licet
1467 1867 1554 1908 sint
1575 1867 1836 1921 composite,
1858 1878 1896 1910 ²5

294 1940 444 1976 tamen
467 1935 569 1988 quia
590 1935 815 1989 complent
837 1936 1085 1990 appetitum
1116 1936 1355 1978 materialis
1376 1937 1594 1990 principii,
1617 1943 1660 1978 et
1677 1937 1836 1978 ultimo

294 2005 547 2056 adveniunt,
569 2005 680 2046 sicut
709 2005 925 2059 perfeccio
954 2013 998 2047 et
1020 2013 1158 2058 actus,
1187 2012 1402 2064 vocantur
1425 1991 1576 2060 forme,
1598 2007 1713 2049 sicut
1735 2005 1834 2048 sub-

291 2073 459 2127 jectum
492 2075 807 2128 genemcionis,
834 2089 886 2117 eo
922 2077 1041 2129 quod
1072 2083 1138 2119 est
1173 2076 1216 2117 in
1249 2076 1455 2130 potencia
1490 2077 1546 2118 ad
1578 2076 1835 2131 huJusmodi

294 2151 441 2185 actum
477 2151 521 2185 et
557 2144 893 2199 perfeccionem,
929 2153 1112 2188 vocatur
1143 2146 1327 2188 materia
1369 2147 1573 2200 quamvis
1613 2147 1670 2189 sit
1713 2160 1835 2188 com-

298 2214 503 2267 positum.
1857 2225 1898 2256 30

358 2356 604 2412 Capitulum
636 2365 706 2412 3¹¹¹.
767 2358 818 2400 de
827 2361 997 2413 forma,
1019 2360 1128 2414 quid
1143 2360 1214 2402 sz't.

355 2449 577 2503 Quoniam
603 2457 754 2492 autem
785 2451 868 2494 hoc
893 2452 1076 2495 formale
1108 2453 1369 2507 principium
1399 2453 1522 2507 queri
1552 2454 1685 2495 debet
1708 2460 1838 2494 extra

297 2531 434 2570 genus
448 2520 629 2570 dictum,
652 2519 754 2561 ideo
777 2521 1145 2562 considerandum
1169 2528 1234 2563 est
1256 2522 1362 2576 quid
1385 2523 1545 2563 debeat
1567 2522 1652 2562 dici
1673 2537 1680 2563 :
1710 2523 1837 2564 unius

298 2594 445 2628 autem
479 2589 797 2632 contrarietatis
828 2597 929 2632 sunt
961 2598 1112 2633 tamen
1146 2593 1235 2633 duo
1268 2599 1480 2641 extrema,
1519 2598 1566 2633 ut
1589 2597 1636 2642 4⁰
1663 2592 1837 2634 flletha-

288 2656 451 2708 phisica
484 2659 708 2712 probatur,
740 2666 783 2701 et
813 2674 889 2701 ens
916 2661 959 2701 in
988 2662 1201 2714 potencia,
1222 2663 1340 2714 quod
1368 2667 1434 2702 est
1464 2662 1689 2703 materiale
1716 2662 1836 2716 prin·
1857 2674 1897 2706 35

344 2762 381 2792 17
406 2755 631 2786 Aristoteles
646 2757 732 2786 vult,
747 2779 755 2786 .
775 2779 783 2787 .
804 2755 828 2797 .]
846 2755 947 2797 Phys.
964 2756 984 2789 l.
1005 2766 1033 2796 1,
1051 2767 1079 2789 c.
1098 2759 1150 2798 67,
1171 2767 1225 2799 70,
1247 2768 1297 2798 74.
1420 2767 1461 2796 34
1485 2759 1525 2788 4⁰
1541 2757 1836 2799 Methaphisioe]

300 2803 322 2835 l.
338 2804 381 2843 iv,
399 2815 425 2836 c.
444 2807 474 2836 6.
