1934 3152
71 423 107 456 F.
128 423 207 455 882
228 431 256 455 1.

131 568 259 600 10b1.

1026 84 1080 141 38

273 205 471 247 seccione
502 205 559 247 ad
586 204 736 255 solem,
768 195 963 257 oportet*
985 214 1063 255 per
1096 201 1316 256 predictas
1348 199 1680 255 proposiciones
1711 199 1833 254 quod
1898 230 1901 233 .

275 276 404 317 bases
425 274 748 329 triangulorum
770 273 858 313 sint
880 270 1073 326 equales.
1133 270 1214 313 Set
1236 270 1310 313 ille
1331 270 1460 313 bases
1481 276 1585 313 sunt
1611 269 1832 324 dyametri

275 345 508 388 luminum.
570 345 693 399 Ergo
715 348 894 397 oportet
925 341 983 383 ad
1012 342 1159 383 minus
1187 341 1310 396 quod
1339 341 1557 384 diameter
1583 341 1747 397 speciei
1776 340 1834 381 sit

275 415 446 470 equalis
474 414 480 472 Ι
507 415 724 457 diametro
746 413 850 455 solis
880 413 924 453 in
953 411 1102 467 aliqua
1124 412 1352 460 distancia‚
1380 418 1425 454 et
1447 425 1526 467 per
1547 424 1834 466 consequens,

278 485 599 540 multiplicacio
641 484 723 526 erit
765 482 936 537 sperica
968 482 1139 537 equalis
1180 482 1273 524 soli.
1349 481 1430 525 Set
1470 481 1556 524 hoc
1592 488 1709 524 stare
1745 495 1876 530 nonf,

277 562 440 611 potest,
462 555 566 610 quia
587 554 696 596 radii
719 553 1037 596 intersecantes
1066 551 1070 608 Ι
1099 566 1145 594 se
1164 553 1208 594 in
1230 551 1447 595 foramine
1464 552 1723 608 triangulari
1747 564 1835 594 non

276 626 448 682 replent
478 625 687 674 foramen,
726 637 871 678 neque
904 622 966 664 illi
998 622 1115 664 ultra
1145 622 1343 665 foramen
1385 630 1654 666 concurrunt
1684 636 1836 665 versus

275 696 423 738 locum
462 694 714 745 incidencie,
747 694 853 748 quia
893 706 995 736 cum
1029 693 1147 735 basis
1184 692 1294 736 lucis
1336 707 1422 747 que
1459 693 1600 748 replet
1636 693 1835 734 foramen

276 765 547 821 triangulare
569 765 625 807 sit
645 763 941 819 triangularis,
963 763 1104 805 exibit
1127 762 1185 804 ab
1207 773 1260 805 ea
1281 763 1521 819 columpna
1542 762 1728 806 laterata
1749 775 1837 817 que

276 836 540 879 terminatur
560 835 616 877 ad
647 835 801 876 basem
830 833 1147 888 triangularem
1181 833 1226 875 in
1255 832 1355 875 loco
1384 833 1643 884 incidencie,
1665 838 1709 875 e't
1737 846 1836 888 pro·
1858 848 1905 872 ιο

280 906 398 948 cedit
437 913 582 949 totum
629 918 791 960 corpus
833 903 943 946 lucis
983 903 1231 945 secundum
1264 903 1403 946 lineas
1445 903 1762 958 equidistantes
1794 908 1839 944 et

279 982 432 1027 rectas,
456 975 518 1017 ita
539 976 661 1029 quod
684 987 913 1028 nunquam
931 973 1116 1016 veniunt
1138 973 1195 1015 ad
1218 973 1371 1015 basem
1395 974 1666 1016 circularem.
1720 972 1838 1015 Con·

281 1060 433 1089 cursus
455 1046 573 1087 enim
592 1045 814 1088 radiorum
837 1044 913 1099 qui
932 1043 1104 1098 replent
1119 1042 1321 1086 foramen
1344 1044 1612 1100 triangulare
1629 1044 1709 1086 erit
1726 1044 1839 1085 inter

281 1117 420 1160 solem
444 1123 485 1158 et
508 1115 709 1158 foramen
731 1116 806 1170 qui
829 1115 1066 1157 dilatantes
1088 1128 1135 1156 se
1157 1121 1379 1169 occupant
1401 1121 1546 1158 toturn
1570 1114 1784 1157 foramen.

341 1188 436 1230 Alii
478 1201 584 1230 vero
625 1187 811 1229 credunt
853 1186 973 1240 quod
1016 1186 1217 1227 innatum
1256 1186 1313 1228 sit
1355 1186 1441 1227 luci
1483 1186 1715 1240 adquirere
1756 1185 1839 1227 sibi
1861 1199 1902 1231 ¹5

283 1257 472 1313 figuram
508 1257 742 1312 spericam,
775 1257 1038 1300 estimantes
1075 1256 1196 1311 quod
1228 1255 1309 1298 hec
1351 1255 1492 1312 figura
1527 1263 1595 1299 est
1626 1255 1840 1299 naturalis

284 1330 429 1380 rebus,
461 1334 509 1369 ut
542 1334 668 1382 patet
700 1328 744 1369 in
778 1327 1009 1369 elementis
1045 1333 1089 1368 et
1121 1326 1224 1369 celis
1257 1333 1302 1369 et
1333 1327 1485 1370 stellis.
1550 1327 1683 1370 Unde
1713 1333 1840 1383 gutte

282 1414 396 1454 aque
419 1399 585 1441 cadunt
609 1398 652 1439 in
676 1397 866 1440 rotunda
887 1395 1037 1450 figura,
1055 1403 1098 1438 et
1120 1396 1335 1439 adherent
1356 1397 1500 1439 herbis
1521 1397 1565 1439 in
1587 1397 1666 1439 tali
1685 1396 1838 1453 figura,

285 1477 329 1512 et
361 1470 424 1511 sie
456 1468 610 1510 volunt
640 1469 761 1522 quod
794 1466 996 1509 naturale
1022 1467 1079 1508 sit
1111 1465 1196 1508 luci
1230 1473 1278 1508 ut
1308 1467 1516 1521 adquirat
1541 1467 1624 1509 sibi
1650 1467 1839 1522 figuram

282 1540 432 1591 talem,
454 1539 557 1594 quia
580 1540 624 1581 in
647 1539 729 1580 hac
746 1538 841 1580 sola
858 1538 1000 1593 figura
1021 1544 1173 1591 partes
1193 1551 1348 1579 omnes
1365 1538 1610 1580 vicinantur
1627 1537 1840 1588 maxime,
1862 1549 1908 1572 20

284 1618 352 1654 set
392 1611 553 1653 vicinia
595 1609 793 1665 parcium
836 1616 904 1652 est
944 1608 1064 1651 salus
1105 1622 1271 1659 earum,
1307 1616 1352 1651 et
1393 1608 1547 1650 tocius.
1635 1607 1714 1651 Set
1759 1608 1840 1650 hec

283 1682 468 1738 puerilia
504 1688 608 1723 sunt
650 1688 694 1722 et
730 1693 845 1722 vana
882 1680 926 1721 in
965 1678 1341 1735 multiplicacione
1377 1678 1498 1729 lucis,
1529 1679 1742 1733 quoniam
1775 1679 1842 1720 in·

284 1766 455 1795 cessum
484 1765 617 1807 quem
647 1751 801 1805 recipit
827 1764 853 1792 a
878 1749 1099 1804 principio
1127 1763 1214 1791 non
1245 1755 1390 1791 mutat
1421 1750 1528 1791 dum
1558 1749 1757 1791 medium
1786 1749 1844 1791 sit

284 1824 411 1866 unius
434 1821 807 1877 dyaphaneitatis,
829 1827 896 1863 set
916 1827 1039 1862 tenet
1061 1821 1281 1863 incessum
1304 1826 1474 1861 rectum
1499 1819 1541 1860 in
1565 1833 1653 1861 uno
1677 1819 1840 1872 medio,

286 1902 330 1937 et
359 1893 538 1948 quando
561 1906 639 1947 per
661 1891 963 1934 diversitatem
988 1891 1122 1932 medii
1146 1896 1288 1932 mutat
1315 1889 1546 1940 incessum,
1568 1889 1652 1932 hoc
1677 1896 1744 1932 est
1765 1903 1845 1945 per
1863 1905 1906 1938 25

286 1964 552 2006 fraccionem
593 1962 664 2005 vel
701 1961 992 2004 reflexionem
1023 1974 1049 2002 a
1087 1960 1183 2003 loco
1224 1960 1454 2001 fraccionis
1495 1961 1539 2002 ‘et
1577 1959 1844 2010 reflexionis,

286 2048 460 2089 semper
494 2033 657 2074 incedit
689 2038 806 2074 recte
834 2031 878 2072 in
912 2031 1068 2072 mediis
1099 2031 1229 2071 unius
1255 2036 1424 2082 nature,
1455 2035 1500 2072 et
1525 2043 1753 2084 nunquam
1785 2031 1842 2072 ad

288 2105 504 2161 spericam
549 2103 738 2157 figuram
792 2102 925 2151 venit,
968 2107 1207 2156 postquam
1258 2100 1395 2142 semel
1437 2101 1581 2143 tenuit
1622 2101 1842 2143 incessum

288 2182 470 2224 rectum,
493 2175 596 2228 quia
629 2179 788 2215 natura
820 2179 1029 2227 operatur
1060 2184 1194 2225 supra
1225 2170 1362 2212 lineas
1395 2176 1549 2213 rectas.
1611 2169 1691 2213 Set
1722 2183 1842 2213 com-

287 2245 410 2300 pleta
446 2244 694 2286 destruccio
730 2242 889 2283 harum
926 2241 1185 2296 opinionum
1229 2247 1274 2282 et
1315 2240 1502 2282 aliarum
1545 2239 1843 2297 consimilium
1863 2254 1910 2288 30

287 2322 412 2370 patet
451 2315 495 2355 in
533 2320 724 2355 tractatu
769 2325 868 2354 meo
901 2311 970 2353 De
1005 2310 1233 2365 Speciebus
1262 2309 1586 2365 methaphisico
1619 2323 1720 2352 cum
1754 2323 1844 2351 cer-

334 2461 352 2490 7
377 2450 442 2492 illi]
460 2450 508 2481 illi
524 2449 583 2490 qui
600 2448 634 2479 F
728 2457 751 2488 9
773 2446 1011 2488 triangularis]
1029 2445 1239 2487 triangulare
1255 2445 1291 2477 D
1379 2445 1465 2487 que]
1483 2444 1561 2486 quia
1577 2443 1613 2475 D
1716 2453 1756 2475 10
1778 2449 1845 2475 ter-

291 2503 454 2544 minatur]
473 2503 701 2535 terminantur
717 2501 751 2532 F
820 2499 992 2541 procedit]
1011 2500 1178 2541 procedet
1193 2498 1259 2531 FD
1336 2508 1376 2529 12
1399 2497 1507 2539 quod]
1526 2495 1608 2528 utD
1681 2496 1843 2538 veniunt]

290 2558 433 2589 venient
450 2556 513 2587 FD
639 2553 858 2595 circularem]
876 2553 1122 2593 triangularem
1139 2552 1173 2584 F
1298 2562 1337 2592 13
1361 2551 1453 2583 enim
1470 2561 1537 2582 om.
1554 2549 1588 2582 F
1688 2549 1842 2592 replent]

291 2610 403 2651 replet
419 2609 454 2640 D
591 2618 630 2648 14
656 2608 714 2648 qui
732 2632 739 2639 .
759 2632 767 2640 .
788 2631 797 2639 .
816 2607 966 2638 foramen
982 2617 1048 2638 om.
1066 2606 1103 2636 D
1238 2614 1278 2645 15
1302 2605 1393 2646 quod
1410 2614 1477 2636 om.
1494 2603 1528 2635 F
1641 2602 1706 2634 sibi
1723 2613 1789 2634 om.
1806 2601 1844 2633 D

293 2663 332 2694 18
357 2668 391 2693 et
409 2687 417 2695 .
434 2686 442 2694 .
460 2686 468 2694 .
486 2662 596 2702 figura
612 2671 679 2692 om.
697 2660 733 2690 D
914 2669 954 2700 19
975 2658 1042 2700 sic]
1059 2659 1087 2690 si
1104 2658 1139 2689 F
1242 2658 1308 2689 sibi
1325 2667 1390 2688 om.
1409 2656 1445 2687 D
1577 2665 1620 2687 20
1643 2653 1739 2696 quia]
1758 2659 1792 2686 et
1808 2654 1844 2686 D

290 2725 331 2746 22
357 2714 409 2756 in]
426 2720 459 2745 et
476 2715 510 2745 F
676 2723 718 2752 24
744 2711 1038 2753 dyaphaneitatis]
1057 2709 1335 2751 dyaphoneitatis
1350 2707 1459 2740 MSS.
1619 2716 1660 2746 25
1685 2707 1841 2748 quando]

289 2768 453 2808 quoniam
469 2767 505 2797 D
616 2767 659 2797 26
681 2765 718 2806 a]
736 2770 771 2796 et
787 2775 807 2795 a
823 2763 857 2795 D
969 2764 1021 2805 et]
1038 2764 1092 2795 vel
1110 2763 1145 2795 D
1249 2763 1291 2793 28
1314 2760 1422 2793 semel
1439 2770 1504 2793 om.
1522 2759 1557 2791 F
1656 2769 1699 2799 29
1721 2758 1842 2800 supra]

290 2830 426 2861 semper
442 2830 547 2860 super
564 2819 615 2850 F:
643 2828 780 2859 semper
795 2817 983 2849 secundum
1001 2816 1036 2847 D
1193 2825 1236 2855 3ο
1259 2819 1293 2846 et
1310 2838 1318 2847 .
1336 2838 1344 2846 .
1365 2838 1371 2846 .
1391 2812 1617 2845 consimilium
1637 2822 1702 2845 om.
1721 2811 1756 2843 D
