1934 3152
1037 86 1091 129 28

287 204 331 244 in
375 216 532 244 aerem.
609 201 723 244 Cum
768 202 889 244 venit
925 216 1028 244 vero
1063 201 1233 257 species
1274 203 1332 244 ad
1372 197 1838 256 aquam,ſssensibilem

288 273 589 315 diversitatem
609 271 853 327 superficiei
870 278 913 313 et
936 272 1127 314 raritatis
1144 272 1322 325 invenit,
1341 278 1523 327 propter
1539 272 1659 326 quod
1678 271 1839 313 fraccio

288 355 404 382 nova
443 339 652 381 exoritur.
714 338 828 381 Cum
871 345 1020 380 autem
1063 340 1185 381 venit
1225 339 1392 394 species
1432 339 1490 380 ad
1532 339 1710 386 terram,
1752 351 1839 379 non

289 408 446 449 transit
467 406 734 448 sensibiliter
762 406 890 447 nobis
913 413 1093 461 propter
1122 407 1386 448 densitatem
1411 413 1538 456 terre,
1561 412 1605 447 et
1630 406 1730 447 ideo
1752 418 1840 446 non

289 482 356 516 est
391 474 450 515 ibi
483 474 655 515 fraccio.
717 473 1004 528 Quapropter
1045 473 1357 515 descendendo
1399 488 1425 514 a
1460 473 1564 515 celis
1605 487 1747 527 usque
1783 472 1838 513 ad
1861 490 1879 522 5

288 553 463 594 terram,
504 557 593 585 non
643 550 710 585 est
758 543 841 584 nisi
883 543 1054 597 duplex
1095 543 1271 595 fraccio
1300 543 1532 596 sensibilis,
1573 543 1755 592 scilicet,
1797 542 1841 582 in

288 614 516 669 superficie
538 613 651 668 ignis
673 619 718 654 et
741 613 783 654 in
807 611 1037 667 superficie
1060 627 1183 668 aque.

352 752 601 808 Capitulum
633 758 704 805 5¹¹².
765 752 818 793 de
848 750 1012 805 duplici
1029 751 1267 804 fraccione.

350 840 410 882 Et
441 841 521 882 hec
554 838 714 881 fraccio
746 852 846 880 cum
878 838 935 880 sit
967 838 1209 880 declinacio
1241 839 1296 880 ab
1329 838 1499 880 incessu
1531 843 1663 888 rect0,
1689 842 1843 891 potest

290 911 473 966 intelligi
495 925 521 952 a
546 910 718 951 duabus
747 909 948 963 partibus
978 909 1172 951 incessus
1199 908 1319 959 recti,
1347 916 1391 950 et
1415 922 1503 949 non
1534 914 1601 949 est
1629 907 1841 963 possibile
1865 921 1905 943 10

523 1101 755 1159 radam

543 1163 725 1216 sohsv

1500 1694 1541 1735 c

1394 1757 1442 1814 d

1192 1825 1233 1854 α

1008 1918 1089 1955 Fic.
1112 1927 1137 1948 1.

296 2020 415 2074 quod
451 2033 509 2060 ex
544 2024 730 2072 utraque
762 2025 887 2072 parte
924 2031 1039 2059 unus
1077 2017 1224 2058 radius
1259 2016 1446 2057 incedat.
1511 2014 1704 2069 Oportet
1739 2022 1846 2057 tunc

298 2090 533 2144 diligenter
569 2090 667 2130 sciri
706 2089 824 2143 quod
858 2089 940 2129 hec
978 2087 1137 2130 fraccio
1174 2093 1240 2128 est
1283 2087 1397 2127 inter
1429 2086 1648 2128 incessum
1677 2092 1846 2128 rectum

113 2163 277 2205 F.87a2.
298 2165 344 2199 et
385 2157 793 2212 perpendicularem
837 2156 1084 2197 ducendam
1120 2155 1164 2195 in
1197 2168 1354 2209 corpus
1386 2153 1628 2195 secundum
1663 2167 1689 2194 a
1719 2152 1724 2209 Ι
1750 2152 1847 2195 loco

297 2228 539 2278 fraccionis,
562 2228 673 2268 sicut
695 2233 817 2281 patet
842 2226 885 2266 in
908 2226 990 2267 hac
1015 2224 1170 2278 figura.
1230 2225 1350 2266 Nam
1375 2223 1399 2264 b
1422 2229 1610 2277 punctus
1639 2228 1705 2264 est
1726 2223 1847 2264 locus

297 2297 541 2346 fraccionis,
559 2303 602 2337 et
625 2297 678 2338 ba
695 2303 762 2337 est
780 2295 1153 2349 perpendicularis
1170 2294 1304 2336 ducta
1320 2293 1376 2334 ab
1395 2292 1469 2334 illo
1487 2298 1651 2347 puncto
1667 2292 1847 2346 quando
1870 2314 1907 2346 15

298 2366 540 2420 ingreditur
561 2379 721 2420 corpus
744 2366 859 2419 ignis
880 2366 936 2407 ad
953 2364 1138 2419 angulos
1160 2363 1352 2417 equales,
1370 2369 1413 2404 et
1435 2363 1554 2404 cadit
1576 2362 1619 2402 in
1645 2369 1845 2404 centrum

301 2436 406 2489 ejus,
430 2443 473 2477 et
494 2437 540 2477 bc
561 2436 675 2477 linea
701 2443 769 2477 est
792 2436 985 2477 incessus
1003 2441 1147 2475 rectus
1169 2447 1300 2488 quem
1320 2432 1500 2474 deberet
1521 2432 1683 2472 habere
1704 2431 1739 2472 si
1757 2444 1846 2472 non

302 2505 424 2546 fieret
445 2506 616 2555 sraccio,
639 2511 683 2546 et
705 2504 764 2546 bd
782 2512 846 2546 est
870 2505 984 2546 linea
1007 2504 1155 2545 fracta.

362 2574 494 2627 Quod
528 2577 585 2617 sit
611 2575 865 2629 hujusmodi
890 2575 1050 2616 fraccio
1073 2575 1116 2614 in
1139 2586 1321 2628 corpore
1353 2570 1478 2625 ignis,
1501 2576 1624 2625 patet
1650 2583 1727 2623 per
1749 2583 1844 2625 pre-

303 2645 444 2686 dictos
476 2652 665 2696 autores,
687 2651 731 2686 et
762 2658 840 2698 per
872 2645 1164 2685 instrumenta
1185 2643 1241 2684 ad
1274 2642 1358 2683 hoc
1389 2640 1517 2690 facta,
1539 2647 1583 2681 et
1615 2645 1737 2695 patet
1768 2654 1846 2695 per
1867 2661 1909 2683 20

349 2785 367 2805 2
392 2775 602 2816 superficiei]
620 2779 654 2806 et
670 2774 863 2815 superficiei
882 2774 916 2805 F
1124 2782 1162 2812 15
1185 2771 1340 2814 quando]
1359 2776 1392 2804 et
1410 2771 1548 2812 quando
1564 2770 1618 2803 D:
1644 2770 1802 2811 quoniam
1821 2772 1853 2803 F

308 2836 347 2867 19
371 2826 489 2869 Quod]
509 2827 551 2858 Et
569 2828 658 2868 quod
674 2827 738 2858 FD
856 2838 899 2858 20
923 2831 956 2858 et
973 2825 1083 2868 patet]
1101 2831 1135 2858 et
1151 2825 1216 2856 FD
