1934 3152
153 2042 274 2075 18b1.

1032 108 1086 151 70

286 221 414 268 turpe
455 212 635 264 bonum,
668 220 715 254 ut
752 213 815 253 ait
851 211 1132 262 Aristoteles,
1172 217 1240 252 set
1276 210 1503 264 appetitus
1545 217 1612 251 est
1653 211 1827 264 proprie

285 290 486 339 respectu
517 284 577 324 rei
621 296 709 325 non
747 282 912 333 habite,
949 295 1055 335 ergo
1089 281 1282 335 privacio
1321 280 1498 336 proprie
1533 280 1666 322 dicta‘
1690 279 1826 322 fertur

285 355 341 396 ad
370 353 558 395 formam
591 367 679 407 qua
715 358 835 394 caret
882 351 1077 393 materia.
1141 350 1257 392 Item
1293 348 1525 405 generacio
1559 357 1752 392 nonest
1783 350 1826 390 in

286 424 415 466 rebus
448 421 858 465 transmutabilibus
890 421 972 462 nisi
1003 421 1109 474 quia
1136 419 1278 462 forma
1309 434 1443 474 quam
1474 420 1611 461 habet
1645 420 1830 462 materia

285 500 353 535 est
385 493 642 548 imperfecta
663 499 708 533 et
730 506 819 533 non
846 497 993 545 potest
1022 489 1230 545 perficere
1251 490 1345 544 ejus
1367 490 1632 545 appetitum,
1653 496 1831 544 propter
1849 514 1867 547 5

286 564 407 616 quod
429 576 605 616 semper
627 562 799 616 appetit
820 575 997 603 novam.
1061 561 1113 602 In
1136 562 1267 602 rebus
1285 562 1403 602 enim
1425 559 1827 613 incorruptibilibus

287 633 428 675 forma
457 639 637 686 propter
665 632 732 673 sui
758 630 1036 674 nobilitatem
1064 630 1259 685 complet
1281 637 1426 672 totum
1453 630 1703 685 appetitum
1735 643 1828 670 ma-

287 703 408 752 terie,
442 708 486 744 et
520 715 609 744 non
640 709 707 743 est
738 702 962 756 appetitus
991 702 1048 743 ad
1076 701 1263 743 formam
1288 714 1449 742 novam
1484 714 1564 741 nec
1594 699 1824 753 generacio

287 771 524 828 possibilis.
590 771 874 826 Quapropter
914 771 1150 814 necessitas
1191 770 1495 829 generacionis
1541 777 1608 811 est
1649 775 1830 823 propter

289 842 539 898 appetitum
573 842 714 883 forme
753 856 841 884 non
876 841 1041 895 habite,
1065 847 1109 883 et
1139 842 1238 883 ideo
1269 847 1521 895 presentem
1544 853 1632 881 non
1654 839 1830 894 respicit
1856 863 1896 886 10

287 919 354 954 set
395 911 638 954 absentem.
713 911 999 967 Quapropter
1043 911 1185 954 forma
1233 925 1318 966 que
1367 909 1606 965 respondet
1649 896 1828 950 materie

287 983 516 1036 appetenti
539 982 795 1024 naturaliter
817 989 998 1036 propter
1018 981 1357 1037 generacionem
1385 994 1530 1022 rerum
1551 980 1830 1029 naturalium,

289 1066 378 1094 non
400 1060 466 1094 est
488 1052 629 1094 forma
651 1066 786 1106 quarn
808 1059 931 1094 tenet
953 1059 997 1094 et
1018 1066 1153 1107 quam
1175 1052 1379 1094 amittere
1401 1065 1489 1092 non
1515 1056 1676 1105 potest.

350 1122 464 1164 Item
493 1123 635 1176 prima
664 1122 952 1165 contrarietas
979 1129 1047 1165 est
1076 1123 1119 1163 in
1146 1122 1289 1177 primo
1318 1135 1491 1176 genere,
1512 1134 1612 1163 cum
1638 1120 1683 1161 in
1709 1120 1831 1162 omni

288 1205 449 1247 genere
481 1192 538 1235 sit
564 1206 652 1234 una
679 1194 966 1235 contrarietas
998 1193 1154 1246 prima,
1186 1198 1235 1233 ut
1258 1190 1528 1233 Aristoteles
1555 1190 1662 1232 dicit
1687 1189 1831 1244 primo
1859 1212 1898 1245 15

288 1261 572 1304 misicorum
601 1270 647 1305 et
676 1263 847 1305 decimo
875 1261 1205 1316 Metkaplmz'ce,
1227 1268 1294 1304 set
1322 1261 1610 1304 contrarietas
1638 1260 1719 1302 hec
1739 1273 1829 1302 non

293 1340 360 1374 est
397 1332 478 1373 nisi
520 1346 656 1388 penes
689 1331 966 1375 differencias
1002 1331 1226 1386 specificas
1266 1346 1343 1373 seu
1387 1331 1552 1386 species
1593 1329 1831 1372 contrarias

294 1403 376 1443 sub
409 1403 565 1444 eodem
595 1416 754 1458 genere
786 1409 862 1444 aut
896 1416 1031 1457 penes
1063 1416 1214 1456 genus,
1237 1410 1282 1444 et
1313 1401 1497 1444 alteram
1525 1400 1710 1449 illarum,
1731 1400 1836 1454 quia

292 1485 430 1526 genus
462 1479 529 1514 est
562 1486 637 1514 ens
669 1473 713 1513 in
747 1473 954 1527 potencia
987 1479 1031 1514 et
1068 1472 1319 1514 differencia
1354 1478 1422 1513 est
1448 1485 1525 1513 ens
1552 1471 1596 1512 in
1629 1476 1743 1519 actu,
1766 1476 1835 1512 set

293 1542 384 1584 sive
419 1543 490 1593 sic,
522 1556 698 1597 semper
728 1542 915 1584 alterum
948 1550 1201 1584 extremum
1238 1542 1577 1592 contrarietatis,
1609 1541 1729 1595 quod
1765 1547 1834 1582 est
1860 1560 1902 1583 20

293 1611 446 1662 forma,
479 1613 560 1654 erit
595 1618 742 1668 preter
777 1613 1017 1655 essenciam
1049 1613 1221 1668 generis
1254 1611 1384 1666 hujus
1416 1619 1460 1653 et
1498 1625 1586 1653 non
1619 1611 1702 1652 erit
1733 1623 1835 1664 pars

299 1680 406 1735 ejus.
469 1682 531 1724 Et
553 1683 711 1725 iterum
733 1696 911 1725 necesse
932 1689 998 1724 est
1026 1683 1146 1737 quod
1168 1696 1308 1736 genus
1333 1683 1388 1723 sit
1417 1695 1552 1723 unum
1575 1687 1840 1730 extremum,

295 1759 339 1794 et
376 1751 630 1795 differencia
666 1753 723 1794 sit
759 1753 961 1804 alterum,
994 1754 1099 1808 quia
1138 1751 1390 1794 differencia
1429 1751 1714 1793 universalior
1748 1763 1836 1791 non

293 1829 441 1877 potest
478 1837 575 1865 esse
608 1823 870 1877 privacione,
904 1838 957 1865 eo
999 1825 1119 1878 quod
1154 1823 1347 1878 privacio
1383 1836 1559 1876 semper
1601 1827 1752 1862 manet
1792 1820 1836 1861 in

293 1894 436 1947 prima
470 1894 665 1942 materia,
698 1900 766 1935 set
798 1893 1048 1936 differencie
1079 1894 1221 1949 prime
1252 1894 1377 1934 istius
1408 1893 1593 1948 generis,
1618 1904 1705 1946 que
1735 1896 1838 1933 sunt
1861 1909 1901 1942 25

293 1963 562 2005 elementum
597 1971 642 2006 et
675 1964 882 2014 mixtum,
904 1971 1057 2006 mutuo
1080 1970 1428 2018 corrumpuntur.
1484 1962 1639 2022 ‘Quare
1661 1967 1838 2015 oportet

298 2034 529 2075 materiam
551 2048 649 2075 cum
679 2032 684 2090 Ι
712 2034 961 2089 privacione
982 2048 1077 2076 esse
1102 2048 1127 2075 a
1150 2041 1276 2089 parte
1297 2033 1482 2087 generis,
1508 2039 1552 2074 et
1579 2045 1675 2074 esse
1696 2032 1839 2086 ipsum

294 2117 446 2157 genus,
469 2109 514 2145 et
535 2104 634 2145 ideo
657 2105 770 2146 inter
800 2118 877 2146 ens
898 2104 943 2145 in
971 2105 1176 2159 potencia
1205 2105 1324 2158 quod
1353 2110 1419 2145 est
1447 2116 1598 2157 genus,
1624 2108 1668 2143 et
1694 2114 1771 2143 ens
1793 2101 1836 2142 in

293 2180 394 2215 actu
428 2175 548 2228 quod
580 2181 648 2216 est
678 2173 944 2226 differencia,
977 2180 1043 2216 est
1085 2174 1165 2215 hec
1195 2174 1493 2215 contrarietas.
1555 2171 1839 2227 Quapropter

294 2243 557 2299 principium
576 2243 761 2286 formale
795 2245 920 2287 istius
952 2244 1274 2286 contrarietatis
1303 2244 1384 2285 erit
1421 2250 1550 2285 extra
1582 2255 1722 2297 genus
1752 2241 1836 2282 hoc
1861 2256 1903 2289 30

296 2315 351 2355 de
373 2328 462 2368 quo
484 2314 716 2369 loquimur.

357 2384 472 2426 Item
501 2385 766 2440 principium
797 2385 1024 2427 materiale
1054 2390 1120 2425 est
1149 2397 1324 2438 semper
1352 2385 1396 2425 in
1429 2383 1631 2438 potencia
1662 2382 1718 2424 ad
1751 2382 1840 2422 duo

295 2455 514 2496 contraria
546 2461 702 2497 mutuo
733 2455 817 2497 sibi
850 2456 1037 2497 invicem
1070 2454 1361 2502 succedenda,
1394 2459 1462 2495 set
1494 2452 1678 2494 materia
1710 2451 1835 2494 istius

294 2525 467 2578 generis
488 2539 576 2566 non
598 2532 665 2567 est
693 2525 949 2579 hujusmodi
973 2530 1174 2579 respectu
1201 2538 1278 2566 sue
1307 2524 1447 2565 forme
1473 2529 1517 2564 et
1540 2524 1579 2563 ei
1608 2520 1836 2571 contrarie,

299 2594 403 2646 quia
426 2594 567 2635 forma
595 2595 635 2635 ei
667 2596 886 2637 contraria
914 2602 982 2637 est
1010 2594 1195 2643 celestis,
1219 2600 1263 2635 et
1294 2594 1374 2634 hec
1403 2606 1490 2634 non
1516 2598 1662 2646 potest
1691 2604 1839 2632 succe·
1861 2603 1901 2638 35

346 2691 449 2729 15-16
470 2693 593 2728 primo
618 2693 859 2724 Phisicorum
883 2696 920 2724 et
943 2693 1087 2725 decimo
1113 2689 1406 2731 Methaphisice]
1432 2688 1531 2729 Phys.
1559 2689 1578 2727 i,
1608 2699 1635 2720 c.
1662 2697 1714 2728 50,
1742 2697 1772 2729 5,
1799 2689 1840 2725 6;

297 2741 397 2773 Meta.
417 2742 436 2773 l.
455 2753 488 2783 x,
509 2753 537 2775 e.
558 2753 607 2783 15.

342 2836 386 2856 20
408 2827 481 2857 sive
499 2827 547 2858 sic
564 2828 600 2859 it.
620 2827 661 2858 M
