1934 3152
860 156 904 184 Ι]

110 263 406 318 Pictagoricas
429 269 471 304 et
498 260 744 303 Platonicas
767 266 811 301 et
843 259 963 307 alias,
986 259 1029 299 in
1055 257 1214 311 quibus
1245 255 1364 296 nulla
1391 261 1457 295 est
1483 253 1648 294 utilitas

110 338 178 373 set
199 346 340 373 sermo
370 330 612 385 superfluus
651 330 766 370 ultra
806 329 1002 376 modum,
1024 326 1251 379 multaque
1278 324 1362 365 alia
1386 323 1486 365 licet
1514 323 1648 375 digna

107 400 194 442 sint
227 401 485 452 scribuntur,
514 406 581 441 set
609 401 652 441 in
680 411 842 440 vanum
871 397 1079 451 quoniam
1102 395 1283 450 vulgata
1308 400 1423 442 sunt,
1456 399 1501 434 et
1528 393 1645 446 apud

107 484 262 512 omnes
306 471 458 512 tritum
501 476 691 511 tractum
731 473 1002 522 reputantur,
1039 465 1205 507 ‘multa
1243 464 1466 505 delectant
1507 475 1647 515 pauca

70 561 88 591 5
101 538 286 592 juvant,'
318 546 364 581 ut
396 540 456 581 ait
485 539 654 582 Seneca
687 538 798 579 libro
847 541 890 588 7⁰
912 536 980 577 De
1004 533 1241 590 Be7zeficz'i5‚
1271 539 1316 574 et
1347 537 1464 574 certe
1494 543 1648 572 secun-

106 609 213 650 dum
238 609 443 650 Boetium
468 609 612 664 primo
628 609 738 651 libro
765 607 1084 653 Commentariz'
1101 603 1295 659 Majorz's
1321 600 1649 643 Periemnem'as

107 678 407 732 ‘superfluitas
435 680 550 733 parit
573 680 887 721 obscuritatem
911 675 1119 726 nimiam‚'
1143 676 1250 717 dum
1273 673 1407 714 homo
1430 671 1473 712 in
1494 683 1645 724 super-

105 745 195 788 fluo
227 747 453 789 volumine
487 755 674 802 vagatur
714 749 825 791 sicut
860 749 935 803 qui
973 747 1166 802 piscatur
1198 745 1241 784 in
1272 742 1431 798 pelago
1461 739 1644 781 infinito.

104 815 229 857 Nulli
268 817 384 857 enim
421 818 609 871 sapienti
651 825 694 859 et
739 825 925 873 experto
969 817 1154 858 dubium
1185 820 1252 855 est
1292 812 1399 866 quin
1442 810 1542 865 plus
1589 810 1645 850 de

47 907 85 929 10
107 892 329 938 potestate
379 888 590 929 naturalis
641 888 921 943 philosophie
968 886 1108 941 possit
1154 883 1259 939 poni
1307 883 1350 923 in
1396 880 1644 935 quantitate

106 956 232 997 unius
266 955 362 997 libri
394 956 668 1008 Aristotelis,
703 958 861 999 saltem
896 957 993 998 libri
1031 954 1123 998 Celz'
1149 960 1193 996 et
1217 952 1396 1000 Mundi,
1429 964 1563 1005 quam
1601 949 1645 990 in

105 1026 310 1067 omnibus
343 1025 540 1080 ejusdem
578 1027 700 1068 libris
732 1027 1019 1069 contineatur.
1083 1025 1144 1065 Et
1177 1024 1278 1065 ideo
1304 1035 1437 1076 supra
1461 1021 1642 1061 modum

104 1102 248 1136 errant
279 1095 457 1149 quidam
492 1097 689 1138 moderni
721 1097 795 1151 qui
826 1097 1047 1138 excedunt
1077 1093 1372 1148 quantitatem
1408 1089 1644 1132 voluminis

105 1164 362 1208 Aristotelis
378 1173 421 1208 et
437 1168 649 1221 majorem
668 1168 962 1221 quantitatem
979 1166 1087 1206 dant
1101 1164 1173 1206 uni
1203 1161 1210 1219 Ι
1236 1163 1446 1204 librorum
1461 1173 1641 1202 suorum
1665 1173 1683 1203 3
1701 1163 1721 1193 b
1739 1173 1767 1195 2-

47 1254 84 1286 ¹5
108 1249 240 1289 quam
259 1236 527 1278 Aristoteles
548 1237 755 1291 dignatur
770 1236 851 1291 (in)
864 1236 1071 1277 omnibus
1085 1234 1316 1283 exhibere;
1339 1231 1494 1273 merito
1513 1230 1644 1285 igitur

105 1306 419 1348 convincuntur
459 1307 515 1348 de
556 1307 810 1362 ignorancia
852 1319 1014 1360 magna
1049 1310 1231 1359 propter
1271 1316 1406 1356 quam
1443 1300 1644 1342 nesciunt

103 1381 219 1416 stare
252 1376 295 1416 in
327 1377 592 1425 necessariis,
626 1377 829 1430 quamvis
857 1389 945 1417 non
968 1374 1112 1416 solum
1143 1371 1371 1415 cumulent
1391 1370 1640 1417 vanissima,

90 1443 169 1485 'set
200 1459 367 1487 errores
399 1445 690 1501 multiplicent
722 1445 928 1488 infinitos.
994 1444 1130 1498 Cujus
1161 1456 1292 1485 causa
1323 1447 1390 1483 est
1426 1440 1642 1491 radicalis,

102 1515 222 1567 quod
244 1527 323 1556 nec
345 1516 711 1558 examinaverunt
733 1516 940 1558 sciencias
969 1528 1080 1568 quas
1105 1512 1316 1562 scribunt,
1338 1525 1417 1552 nec
1441 1510 1642 1564 legerunt

42 1601 83 1623 20
103 1597 176 1625 eas
198 1584 241 1625 in
265 1585 413 1626 studio
442 1586 673 1640 solempni,
700 1600 781 1627 nec
808 1587 947 1628 eciam
970 1584 1243 1633 audiverunt,
1271 1582 1389 1624 unde
1413 1581 1516 1622 facti
1537 1586 1641 1622 sunt

102 1654 300 1708 magistri
341 1662 580 1709 antequam
628 1657 845 1712 discipuli,
889 1663 937 1698 ut
984 1657 1027 1697 in
1069 1654 1274 1697 omnibus
1319 1658 1464 1693 errent
1504 1664 1641 1705 penes

101 1725 269 1779 seipsos
291 1732 335 1768 et
355 1740 522 1769 errores
546 1729 841 1783 multiplicent
862 1730 983 1783 apud
1005 1728 1201 1781 vulgum.

160 1794 335 1836 Deinde
377 1809 465 1836 non
508 1804 693 1851 possunt
737 1798 835 1839 libri
875 1797 1097 1839 naturales
1131 1802 1174 1837 et
1208 1793 1376 1849 vulgati
1412 1793 1511 1835 sciri
1547 1792 1641 1833 sine

100 1862 195 1904 aliis
216 1870 385 1918 septem
405 1866 602 1909 scienciis
627 1868 901 1921 specialibus,
919 1880 999 1909 nec
1022 1867 1162 1908 eciam
1184 1865 1278 1906 sine
1300 1863 1638 1905 methamaticis.

42 1948 80 1981 25
101 1932 178 1973 Set
208 1934 298 1975 duo
336 1937 535 1976 moderni
564 1937 757 1990 gloriosi,
785 1938 897 1978 sicut
928 1950 1016 1978 non
1049 1936 1312 1977 audiverunt
1342 1933 1552 1974 sciencias
1583 1933 1640 1974 de

101 2001 259 2056 quibus
279 2003 512 2054 affirmant,
535 2007 596 2048 sic
619 2020 697 2049 nec
718 2007 826 2049 alias
848 2021 926 2048 nec
949 2007 1147 2060 legerunt
1169 2018 1248 2046 nec
1270 2003 1501 2045 exercitati
1524 2010 1639 2054 sunt,

99 2078 147 2113 ut
187 2082 370 2127 apparet
413 2089 471 2116 ex
513 2090 664 2118 eorum
698 2078 897 2130 scriptis:
951 2090 1058 2129 ergo
1095 2074 1376 2116 manifestum
1414 2080 1481 2114 est
1518 2074 1638 2126 quod

99 2141 260 2195 ubique
292 2145 509 2186 erroribus
541 2153 585 2187 et
615 2147 885 2188 vanitatibus
915 2146 1253 2188 confunduntur.
1317 2142 1638 2197 Multiplicatur

97 2219 244 2253 autern
267 2227 386 2255 error
408 2228 559 2256 eorum
584 2216 626 2256 in
649 2216 923 2258 naturalibus
953 2222 996 2257 et
1026 2216 1069 2256 in
1097 2214 1293 2256 scienciis
1314 2213 1411 2255 aliis
1432 2212 1637 2265 vulgatis,

36 2295 78 2326 30
97 2282 306 2334 quoniam
329 2284 640 2327 translaciones
662 2300 862 2341 perverse
884 2293 985 2327 sunt
1012 2285 1017 2340 Ι
1045 2285 1206 2338 quibus
1229 2290 1423 2335 utuntur,
1441 2289 1484 2323 et
1506 2282 1633 2323 nichil
1657 2284 1748 2324 1⁴185
1763 2285 1784 2315 b
1800 2293 1828 2315 1-

138 2394 204 2432 5-6
230 2395 371 2425 Seneca
386 2418 395 2427 .
413 2418 423 2426 .
440 2419 448 2427 .
466 2393 660 2435 Boetium]
687 2393 739 2425 De
764 2393 841 2427 ben.
863 2394 918 2425 vii.
947 2404 960 2424 1
987 2393 1020 2434 (a
1044 2393 1170 2433 saying
1190 2391 1230 2423 of
1250 2391 1446 2423 Demetrius
1470 2391 1636 2432 Cynicus)

99 2444 225 2476 ‘multa
248 2446 419 2477 delectant
443 2456 552 2486 pauca
576 2446 740 2486 manent‚'
767 2446 820 2478 ed.
844 2446 985 2487 Venice,
1017 2455 1109 2486 1492.
1177 2444 1251 2475 The
1271 2443 1430 2475 received
1446 2447 1520 2474 text
1536 2444 1637 2475 reads

95 2497 237 2530 vincant.
286 2498 364 2529 Peri
383 2498 548 2530 Hermen.
564 2498 584 2530 1.
608 2509 635 2531 1.
652 2509 680 2530 c.
700 2509 720 2538 3
738 2498 792 2538 (2²
808 2499 930 2539 editio)
950 2500 1075 2538 ‘saepe
1093 2497 1183 2529 enim
1199 2498 1374 2538 superflua
1389 2496 1635 2537 explanatione

95 2550 227 2589 magnis
245 2550 450 2582 obscuritate
467 2553 696 2591 conparatur‚'
713 2550 854 2591 Venice,
878 2560 972 2591 1497.
1022 2550 1196 2582 Received
1214 2555 1286 2582 text
1304 2549 1423 2590 magis.

137 2655 157 2684 3
181 2644 268 2686 sint]
282 2651 362 2677 sunt
378 2646 420 2676 M
599 2656 618 2684 4
643 2645 758 2676 tritum
774 2669 780 2675 .
796 2669 804 2677 .
821 2669 828 2676 .
844 2649 1046 2685 reputantur
1058 2656 1123 2676 om.
1137 2644 1172 2675 D
1370 2643 1560 2686 delectant]
1577 2644 1635 2675 de-

93 2698 224 2729 clarant
236 2697 271 2728 D
405 2708 422 2737 7
448 2698 552 2739 parit]
571 2697 700 2738 pariter
712 2698 745 2728 F
861 2697 1015 2739 nimiam]
1032 2697 1169 2728 minima
1181 2696 1216 2727 D
1348 2697 1368 2727 8
1393 2697 1450 2737 qui
1468 2697 1633 2738 piscatur]

93 2750 244 2791 piscator
256 2750 290 2780 F
402 2761 424 2791 9
447 2751 537 2781 enirn
555 2761 620 2782 om.
637 2749 672 2781 D
785 2760 823 2780 12
847 2749 1019 2791 ejusdem]
1037 2750 1110 2789 ejus
1126 2749 1189 2781 FD
1327 2759 1366 2789 13
1389 2749 1632 2790 quantitatem]

92 2801 288 2842 qualitatem
304 2802 339 2833 D
462 2813 500 2842 14
525 2804 604 2834 dant
620 2813 687 2835 om.
706 2802 740 2833 F
860 2813 899 2842 19
923 2802 1092 2844 scribunt]
1110 2803 1260 2834 scribant
1277 2802 1312 2832 D
1435 2812 1475 2841 24
1500 2806 1631 2842 septem

93 2865 160 2886 om.
178 2855 213 2885 F
369 2857 412 2886 26
436 2860 513 2887 sunt
530 2867 595 2888 om.
615 2855 649 2886 D
783 2865 826 2895 3ο
850 2855 900 2896 et]
917 2860 954 2886 ut
971 2855 1035 2886 FD
