1934 3152
826 112 877 154 15

80 222 124 258 et
159 215 416 257 accidentali
448 214 600 263 forma,
623 214 732 255 sicut
757 213 1020 255 Aristoteles
1052 214 1184 255 docet
1218 218 1262 265 70
1289 212 1618 267 llsetlzaplcz'sice.

80 285 176 327 Hec
199 292 266 326 est
289 298 390 326 vera
412 284 596 324 materia
622 297 647 323 a
673 297 759 336 qua
791 283 997 324 dicuntur
1019 296 1173 324 omnes
1195 282 1267 323 alii
1291 282 1411 324 modi
1434 282 1615 323 materie

78 355 170 396 sive
198 354 202 409 Ι
231 355 274 395 in
296 353 567 395 naturalibus
589 353 681 394 sive
700 353 742 392 in
761 351 1068 403 artificialibus,
1086 358 1130 394 et
1151 352 1213 392 sic
1231 352 1415 393 materia
1431 353 1619 393 sumitur
1638 372 1657 401 4
1676 363 1695 392 b
1715 372 1745 393 2.

80 424 276 466 maxime
317 423 361 464 in
409 436 489 463 usu
539 422 973 476 methaphisicorum.
1064 422 1222 464 Tercio
1275 422 1409 463 modo
1460 422 1620 462 dicitur

41 514 59 545 5
80 493 262 535 materia
298 506 393 533 esse
427 492 534 533 illud
571 492 691 545 quod
727 499 794 534 est
830 493 873 533 in
908 493 1115 547 potencia
1147 492 1204 534 ad
1238 491 1371 542 aliud,
1411 491 1524 533 sicut
1561 492 1618 532 ad

79 576 207 605 suurn
241 563 631 617 complementum,
664 563 777 603 sicut
809 563 1004 605 essencia
1035 563 1208 617 generis
1240 569 1306 603 est
1338 562 1381 602 in
1413 561 1618 615 potencia

77 633 134 675 ad
169 631 470 674 differenciam
507 631 773 686 specificam,
809 639 852 674 et
884 633 1054 674 embrio
1087 639 1153 674 est
1186 632 1230 673 in
1261 632 1468 686 potencia
1499 645 1618 685 puer,

77 710 122 744 et
143 698 250 756 puer
272 702 315 742 in
337 702 542 756 potencia
563 702 639 752 vir,
662 709 705 743 et
731 703 1032 744 universaliter
1053 716 1184 743 omne
1206 702 1524 757 incompletum
1554 715 1619 742 re-

77 778 230 826 spectu
253 772 318 812 sui
339 771 665 825 complementi,
689 779 732 814 et
754 773 816 814 sic
839 772 1022 813 materia
1043 773 1229 813 sumitur
1251 772 1294 812 in
1314 786 1394 813 usu
1420 772 1619 812 maxime

22 859 61 881 10
78 841 355 890 naturalium,
398 847 442 882 et
483 843 540 882 ab
582 842 644 882 eis
674 848 856 883 vocatur
892 841 1140 896 subjectum
1175 842 1218 882 in
1251 841 1542 896 generacione
1573 847 1619 882 et

78 910 361 966 corrupcione
394 911 514 964 quod
549 917 616 952 est
649 924 884 952 commune
917 911 1090 952 duobus
1131 912 1360 953 contrariis
1401 917 1620 953 transmu-

78 981 224 1022 tandis
245 981 360 1022 circa
375 980 532 1034 ipsum,
555 981 658 1034 quia
679 981 911 1035 generacio
933 981 1063 1022 unius
1078 981 1286 1022 contrarii
1310 988 1375 1022 est
1393 981 1619 1035 corrupcio

77 1050 256 1092 alterius
286 1056 331 1091 et
363 1049 443 1091 hec
475 1050 693 1091 contraria
723 1056 826 1090 sunt
857 1050 944 1091 due
974 1050 1142 1104 species
1174 1051 1286 1091 circa
1311 1050 1477 1104 aliquid
1500 1064 1620 1092 com-

79 1133 212 1160 mune
244 1120 318 1171 eis,
343 1120 414 1160 vel
443 1120 532 1160 duo
559 1120 783 1161 individua
811 1120 997 1160 duarum
1028 1120 1272 1173 specierum
1295 1120 1409 1161 circa
1431 1120 1614 1161 tercium

21 1204 58 1235 15
78 1202 313 1230 commune
354 1190 430 1231 eis.
516 1189 663 1230 Nichil
715 1195 864 1230 autem
905 1196 972 1230 est
1024 1189 1332 1230 immediatum
1385 1203 1619 1231 commune

77 1259 250 1300 duabus
283 1258 513 1312 speciebus
547 1259 626 1299 nisi
663 1259 856 1300 essencia
901 1259 1075 1313 generis
1112 1259 1320 1311 proximi,
1353 1259 1483 1300 nichil
1516 1272 1620 1300 vero

79 1342 314 1370 commune
365 1335 431 1370 est
480 1329 654 1370 duobus
706 1329 943 1369 individuis
998 1329 1186 1370 duarum
1240 1329 1483 1382 specierum
1535 1329 1616 1369 nisi

77 1398 351 1440 individuum
380 1399 562 1452 generis,
585 1405 633 1440 ut
663 1398 826 1439 animal
855 1405 921 1439 est
948 1412 1183 1440 commune
1204 1398 1383 1440 animali
1412 1398 1618 1440 racionali

79 1475 123 1510 et
166 1468 423 1518 irracionali‚
460 1474 504 1509 et
547 1468 631 1509 hoc
670 1468 835 1510 animal
878 1474 944 1510 est
985 1482 1221 1510 commune
1264 1468 1364 1509 huic
1412 1468 1619 1510 racionali

19 1556 59 1578 20
78 1544 122 1578 et
154 1537 254 1579 huic
290 1537 547 1589 irracionali‚
590 1544 633 1578 et
666 1551 798 1592 grave
834 1544 900 1579 est
936 1551 1173 1579 commune
1210 1545 1326 1579 terre
1359 1544 1402 1579 et
1439 1537 1540 1585 aeri,
1575 1544 1620 1578 et

76 1606 162 1649 hoc
207 1620 342 1661 grave
387 1614 453 1648 est
501 1621 735 1649 commune
775 1607 877 1649 huic
919 1614 1034 1649 terre
1080 1616 1124 1649 et
1167 1607 1269 1648 huic
1314 1608 1415 1649 aeri.
1499 1607 1621 1661 Qua-

76 1683 256 1730 propter
292 1677 475 1718 materia
511 1677 721 1718 naturalis
763 1678 805 1718 in
838 1678 1126 1731 generacione
1168 1677 1411 1730 specierum
1447 1683 1491 1717 et
1527 1690 1620 1718 cor-

76 1746 286 1800 rupcione
322 1753 387 1788 est
422 1747 615 1788 essencia
649 1747 820 1800 generis
858 1747 1049 1801 proximi
1086 1746 1368 1801 incompleta,
1403 1760 1489 1800 que
1516 1752 1621 1787 nata

75 1823 140 1857 est
172 1816 383 1871 compleri
414 1830 492 1870 per
523 1817 703 1870 species,
728 1823 772 1858 et
806 1817 987 1858 materia
1020 1816 1230 1859 naturalis
1261 1817 1304 1857 in
1335 1816 1621 1870 generacione

18 1902 56 1933 25
77 1885 401 1927 individuorum
433 1893 500 1927 est
531 1888 726 1927 essencia
763 1887 976 1928 individui
1011 1887 1182 1942 generis
1217 1885 1495 1939 incompleta,
1532 1899 1618 1939 que

76 1962 180 1996 nata
202 1962 269 1998 est
289 1955 501 2010 compleri
531 1970 609 2010 per
635 1957 858 1997 individua
891 1957 1152 2011 specierum,
1180 1962 1224 1996 et
1253 1955 1334 1997 hec
1361 1955 1546 1997 materia
1575 1956 1618 1994 in

75 2025 364 2079 generacione
377 2026 622 2079 specierum
638 2026 772 2068 habet
794 2040 967 2080 semper
987 2039 1122 2067 unam
1146 2025 1333 2078 illarum,
1355 2032 1404 2067 ut
1425 2025 1618 2066 essencia

76 2094 248 2148 generis
280 2095 324 2134 in
355 2101 471 2136 terra
503 2094 637 2137 habet
669 2102 873 2136 naturam
905 2095 1155 2150 specificam
1188 2101 1328 2145 terre3
1363 2101 1407 2137 et
1438 2096 1618 2149 quando

75 2177 211 2219 agens
253 2165 519 2205 contrarium
557 2172 604 2206 ut
642 2179 758 2219 aqua
788 2165 855 2207 vel
884 2166 1023 2207 virtus
1055 2165 1136 2206 celi
1167 2178 1253 2219 que
1283 2170 1430 2220 potest
1475 2163 1618 2206 facere

15 2255 56 2286 30
76 2247 236 2288 aquam
269 2234 361 2287 agit
392 2234 434 2274 in
467 2240 644 2285 terram,
678 2235 921 2289 corrumpit
953 2235 1183 2276 materiam
1217 2234 1468 2288 specificam
1503 2241 1617 2275 terre

76 2317 215 2357 usque
236 2304 293 2344 ad
323 2304 563 2345 essenciam
596 2304 779 2357 generis,
800 2318 886 2358 que
917 2310 985 2346 est
1016 2305 1266 2346 communis
1288 2318 1401 2358 aque
1422 2310 1466 2345 et
1488 2310 1614 2352 terre,

75 2380 120 2415 et
155 2372 212 2414 de
253 2372 327 2413 illa
368 2373 562 2414 essencia
598 2373 869 2428 incompleta
911 2374 1116 2427 producit
1158 2387 1335 2426 aquam,
1382 2374 1500 2414 unde
1541 2373 1615 2415 illa

123 2479 135 2499 1
161 2468 201 2503 7⁰
216 2468 508 2510 Methaphjsioe]
527 2469 609 2500 Met.
629 2469 686 2501 vii.
705 2471 726 2500 8
746 2470 920 2501 ‘essentia
939 2469 1030 2501 illius
1047 2476 1099 2502 est
1121 2469 1186 2502 alia
1207 2471 1248 2501 ab
1268 2470 1420 2501 essentia
1437 2470 1618 2510 cujuslibet

75 2521 319 2560 predicabilis‚’
337 2521 359 2552 s.
378 2530 429 2561 57.

119 2617 139 2637 2
163 2605 260 2646 vera]
279 2615 346 2636 una
361 2605 396 2635 D
564 2614 584 2644 5
609 2605 704 2646 θεεθ]
723 2616 825 2636 omne
842 2605 906 2636 FD
980 2611 1033 2636 est
1050 2616 1116 2637 om.
1136 2606 1170 2637 F
1336 2608 1357 2637 6
1381 2606 1485 2648 sicut]
1503 2612 1539 2638 ut
1554 2607 1619 2637 FD

74 2659 95 2689 8
118 2656 375 2698 universaliter]
391 2657 592 2688 naturaliter
609 2657 651 2688 M
735 2669 757 2698 9
779 2657 1039 2699 complementi]
1058 2658 1216 2698 completi
1233 2658 1268 2688 D
1340 2669 1380 2700 19
1396 2664 1451 2700 pr.
1469 2659 1520 2701 et]
1538 2663 1572 2690 ut
1590 2659 1624 2689 F

76 2709 285 2752 irracionali]
302 2710 438 2741 animali
454 2710 645 2741 irracionali
663 2710 728 2742 FD
837 2710 932 2752 huic]
951 2710 1028 2742 huic
1045 2711 1181 2742 animali
1198 2710 1233 2741 D
1452 2722 1557 2742 20—21
1585 2717 1618 2743 et

75 2764 139 2795 hoc
157 2787 165 2794 .
186 2787 194 2795 .
213 2786 220 2794 .
239 2763 318 2794 huic
338 2763 409 2793 aeri
428 2772 495 2793 om.
512 2762 546 2792 F
731 2773 769 2794 21
797 2769 849 2794 est
866 2773 1045 2794 commune
1064 2775 1130 2796 om.
1150 2764 1184 2794 D
1370 2775 1411 2804 23
1436 2764 1506 2806 est]
1524 2765 1565 2796 ab
1582 2765 1618 2795 D

76 2826 182 2856 23-24
207 2821 288 2847 nata
304 2815 372 2856 est]
390 2825 458 2846 non
475 2820 589 2855 potest
606 2816 641 2846 D
773 2825 817 2855 30
840 2826 961 2856 aquam
978 2827 1043 2847 om.
1058 2816 1093 2847 D
