1934 3152
818 119 897 163 127

86 219 209 270 riora,
230 227 278 262 ut
311 219 353 261 in
387 219 569 262 homine
606 223 783 275 quando
814 224 998 264 moritur
1037 228 1235 265 remanet
1268 222 1436 265 diucius
1464 230 1620 266 natura

86 289 338 332 substancie
363 296 408 332 et
432 291 628 344 corporis
654 298 697 332 et
724 293 855 333 mixti
883 299 927 334 et
955 292 1155 334 animalis
1183 298 1367 343 natura3
1400 299 1443 334 et
1468 301 1621 346 poten-

86 360 177 401 cius
211 366 278 401 est
315 359 357 400 in
396 359 637 410 influencia‚
673 361 777 414 quia
813 362 1063 404 substancia
1096 375 1184 403 non
1222 361 1365 404 influit
1401 361 1541 403 solum
1582 364 1621 403 in

86 428 276 481 homine,
306 435 374 470 set
405 429 448 469 in
480 429 686 471 omnibus
719 430 950 484 speciebus
983 432 1246 483 substancie,
1278 438 1321 473 et
1353 432 1414 473 sic
1444 433 1499 473 de
1529 447 1622 473 cor-

47 516 65 548 5
87 512 192 553 pore
225 498 267 540 in
306 498 511 540 omnibus
547 499 815 553 corporibus,
847 508 891 543 et
927 502 987 543 sic
1018 501 1143 542 ultra.
1208 502 1278 542 De
1310 500 1396 543 fine
1426 501 1623 543 similiter

86 567 418 621 intelligendum
451 573 517 608 est
553 568 671 621 quod
709 569 889 622 quidam
926 577 1028 612 sunt
1065 570 1407 625 propinquiores,
1441 571 1620 624 quidam

86 637 358 688 remociores,
379 643 423 678 et
445 636 625 690 quidam
649 638 925 690 universales,
942 640 1122 692 quidam
1145 639 1441 693 particulares.
1503 640 1619 680 Nam

85 705 182 748 finis
206 705 472 747 naturalium
502 707 743 760 propinqus
771 713 872 748 sunt
894 707 1136 749 artificialia
1159 714 1201 749 et
1222 708 1366 750 futura
1388 709 1620 750 beatitudo

85 782 150 816 est
172 775 366 826 ultimus,
387 775 596 829 quoniam
619 774 718 816 finis
739 775 1030 817 artificialium
1057 775 1062 832 Ι
1091 783 1157 818 est
1176 777 1326 827 virtus,
1349 782 1393 818 et
1416 776 1516 818 finis
1537 777 1619 818 vir·
1639 788 1678 821 35
1698 782 1719 812 b
1739 789 1765 810 ¹·

25 863 66 886 10
84 845 191 886 tutis
228 851 295 886 est
330 845 476 886 futura
509 844 751 896 beatitudo,
792 859 878 886 non
912 845 1056 885 solum
1090 846 1332 886 secundum
1370 845 1518 896 fidem,
1553 852 1621 887 set

85 915 328 955 secundum
367 913 706 968 philosophiam,
743 920 790 955 ut
826 914 1093 955 Aristoteles
1129 920 1173 956 et
1209 915 1440 956 Avicenna
1472 922 1516 956 et
1549 915 1620 956 alii

84 983 389 1024 determinant.
452 982 570 1024 Nam
608 996 677 1023 ars
711 982 880 1037 perficit
915 990 1114 1025 naturam
1149 989 1192 1024 et
1222 983 1358 1025 virtus
1394 989 1547 1035 artem,
1576 991 1621 1025 et

85 1052 269 1094 felicitas
305 1051 476 1106 perficit
511 1053 732 1093 virtutem.
796 1052 856 1093 Et
896 1052 976 1094 hec
1018 1059 1171 1107 patent
1212 1053 1253 1094 in
1295 1052 1485 1106 homine,
1517 1054 1620 1106 quia

84 1121 300 1163 naturalia
333 1122 588 1163 ordinantur
618 1121 675 1163 ad
708 1128 847 1163 artem
879 1121 1082 1174 hominis,
1105 1128 1148 1163 et
1179 1135 1248 1163 ars
1279 1123 1336 1163 ad
1361 1123 1546 1163 virtutes
1577 1123 1621 1162 in

26 1210 64 1242 15
85 1204 150 1242 e0,
179 1198 223 1232 et
252 1191 390 1232 virtus
424 1191 480 1232 ad
513 1190 766 1232 felicitatem
799 1190 1005 1244 quoniam
1039 1191 1254 1232 naturalia
1285 1204 1372 1231 non
1402 1190 1622 1232 sufficiunt

84 1261 253 1308 homini
283 1261 326 1301 in
357 1274 410 1301 eo
433 1261 552 1314 quod
580 1260 736 1301 ultima
768 1259 982 1314 perfeccio
1004 1260 1098 1313 ejus
1119 1267 1186 1301 est
1217 1259 1463 1300 intellectus
1484 1273 1620 1313 agens

64 1343 162 1383 ‚per
192 1329 453 1381 artificium;
493 1330 608 1371 unde
644 1343 724 1371 nec
764 1329 861 1381 cibi,
893 1342 971 1370 nec
1003 1328 1345 1383 cooperimenta,
1376 1341 1455 1369 nec
1484 1342 1619 1380 arma,

84 1413 165 1441 nec
185 1398 353 1454 aliquid
376 1398 535 1442 sufficit
566 1400 605 1441 ei
639 1399 760 1454 quod
785 1412 865 1453 per
895 1404 1096 1440 naturam
1125 1405 1410 1451 preparatur3
1443 1405 1619 1451 oportet

83 1469 200 1510 enirn
225 1470 346 1523 quod
378 1483 455 1523 per
480 1468 712 1511 artificium
746 1474 957 1523 parentur
987 1468 1027 1508 ei
1053 1467 1213 1517 omnia,
1235 1467 1475 1508 secundum
1498 1468 1618 1520 quod

23 1558 64 1580 20
82 1539 212 1580 docet
227 1537 469 1588 Avicenna,
485 1539 641 1592 quinto
654 1538 721 1578 De
733 1538 915 1588 Anima,
931 1544 975 1578 et
988 1535 1266 1584 Aristoteles,
1281 1536 1617 1589 quartodecimo

81 1607 150 1648 De
169 1607 464 1658 Animalibus,
487 1614 531 1649 et
551 1608 753 1649 videmus
783 1608 839 1648 ad
872 1619 1060 1647 sensum.
1114 1605 1166 1645 In
1194 1605 1333 1646 brutis
1358 1605 1474 1645 enim
1501 1604 1616 1645 suffi-

81 1678 202 1719 ciunt
225 1678 443 1719 naturalia
464 1678 506 1719 in
529 1677 748 1726 omnibus,
763 1676 930 1718 habent
951 1676 1067 1716 enim
1090 1675 1252 1716 cibaria
1274 1674 1487 1715 naturalia
1504 1679 1617 1714 terre

81 1746 326 1798 nascencia,
342 1747 508 1788 habent
529 1747 648 1788 coria
668 1752 712 1787 et
734 1745 847 1800 pilos
869 1759 947 1799 pro
969 1743 1248 1792 indumentis,
1267 1743 1432 1783 habent
1454 1755 1617 1784 cornua

80 1823 125 1857 et
146 1817 302 1858 dentes
328 1822 373 1858 et
402 1830 570 1870 ungues
598 1830 679 1870 pro
703 1815 865 1864 armis3
897 1819 963 1854 set
994 1812 1128 1853 homo
1157 1827 1214 1853 ex
1247 1818 1469 1866 potestate
1496 1811 1615 1852 intel-

21 1904 59 1935 25
81 1884 217 1927 lectus
253 1884 357 1927 facit
394 1885 475 1926 sibi
517 1883 802 1926 artificialiter
841 1883 1003 1933 omnia,
1039 1887 1213 1923 constat
1253 1881 1371 1934 quod
1414 1894 1483 1921 ars
1526 1894 1613 1921 non

80 1955 240 1996 sufficit
267 1955 305 1996 ei
331 1955 374 1995 in
401 1954 482 1996 hac
507 1955 609 2002 vita,
632 1960 700 1995 set
725 1953 890 1994 bonum
918 1951 1091 1992 virtutis
1122 1956 1188 1991 est
1214 1949 1493 2003 principalius
1521 1955 1614 1989 arte

79 2031 123 2065 et
156 2030 321 2075 natura,
353 2031 398 2066 et
429 2023 503 2065 illa
535 2037 620 2064 non
654 2023 813 2063 sufficit
845 2021 883 2062 ei
915 2019 1129 2070 absolute,
1154 2019 1393 2060 secundum
1421 2018 1613 2071 plenitu-

79 2092 228 2134 dinem
256 2090 263 2150 Ι
291 2092 575 2146 perfeccionis
599 2093 656 2133 ad
682 2105 815 2145 quam
848 2096 977 2131 natus
1004 2093 1082 2138 est,
1116 2094 1182 2128 set
1211 2087 1405 2140 exigitur
1436 2087 1615 2128 ulterior
1634 2097 1671 2129 F.
1690 2108 1731 2140 94
1748 2099 1769 2129 b
1791 2108 1816 2129 ι.

79 2162 292 2215 perfeccio
316 2161 493 2204 alterius
515 2163 616 2211 vite,
641 2161 744 2215 quia
766 2161 808 2200 in
836 2157 1006 2211 magnis
1032 2156 1215 2197 miseriis
1243 2163 1288 2197 et
1315 2155 1519 2209 periculis
1548 2163 1614 2197 est

18 2252 59 2284 30
77 2232 168 2272 vita
193 2232 289 2283 ista,
310 2233 552 2274 secundum
579 2230 697 2284 quod
720 2226 986 2270 Aristoteles
1018 2227 1159 2276 docet,
1183 2226 1326 2279 primo
1356 2224 1612 2278 Methaplzz'-

76 2301 169 2352 sice,
191 2302 311 2355 quod
333 2308 489 2342 natura
511 2300 702 2342 hominis
725 2304 790 2339 est
812 2295 1112 2349 multipliciter
1132 2294 1290 2336 ancilla
1312 2301 1404 2336 tam
1428 2294 1612 2335 miseriis

121 2440 164 2461 20
186 2432 385 2462 Avieenna
406 2432 543 2468 quinto
566 2433 621 2462 De
644 2427 798 2468 Anima]
826 2426 846 2458 l.
873 2437 903 2461 v,
930 2436 957 2456 c.
993 2434 1007 2455 1
1031 2425 1173 2465 passim.
1224 2423 1461 2455 ‘Nutrimenta
1487 2424 1612 2454 etenim

77 2492 144 2522 que
169 2474 294 2514 habent
318 2493 395 2514 esse
420 2483 620 2514 naturaliter
643 2487 677 2513 et
701 2491 768 2512 non
792 2479 936 2510 artificio
960 2488 1028 2508 non
1053 2482 1243 2517 congruunt
1268 2476 1322 2508 ei.’
1423 2485 1469 2515 30
1491 2478 1613 2513 primo

77 2534 370 2577 Methapffisiee]
389 2535 410 2567 l.
428 2536 448 2576 i,
467 2546 495 2569 c.
513 2546 532 2566 2
558 2537 565 2552 ‘
581 2535 709 2565 Natura
727 2532 853 2564 etenim
871 2531 1045 2562 hominum
1062 2530 1096 2560 in
1113 2529 1284 2569 plerisque
1300 2538 1400 2560 serva
1415 2527 1491 2561 est-⁹

124 2666 138 2687 1
165 2656 298 2688 diucius
315 2667 382 2689 om.
401 2656 438 2687 D
545 2667 567 2697 9
589 2653 767 2695 quoniam]
785 2652 922 2692 quando
937 2651 984 2683 F:
1013 2651 1103 2691 quod
1121 2660 1189 2681 non
1206 2649 1242 2680 D
1344 2659 1384 2689 14
1409 2650 1450 2680 ad
1467 2672 1476 2681 .
1497 2672 1504 2680 .
1524 2673 1533 2681 .
1552 2649 1610 2691 eo]

76 2709 220 2740 virtutes
235 2709 270 2740 F
379 2710 420 2740 16
443 2709 476 2739 in
494 2719 561 2740 om.
579 2707 644 2738 FD
779 2715 819 2744 ¹9
843 2702 1022 2745 parentur]
1040 2708 1205 2744 parantur
1219 2701 1285 2732 FD
1411 2712 1454 2733 20
1475 2702 1611 2743 quinto]

77 2766 198 2801 quarto
222 2760 265 2791 M
349 2758 620 2800 quartodecimo]
638 2757 891 2798 quintodecimo
906 2755 948 2787 M
1054 2765 1093 2786 21
1121 2754 1160 2786 In
1177 2764 1244 2786 om.
1261 2753 1327 2784 FD
1430 2763 1472 2785 22
1497 2753 1530 2785 in
1546 2777 1554 2785 .
1574 2778 1581 2786 .
1602 2778 1609 2785 .

77 2812 243 2845 naturalia
258 2823 329 2845 om.
342 2812 379 2844 D
511 2820 553 2852 25
576 2809 727 2851 constat]
745 2814 780 2840 et
796 2812 932 2840 constat
949 2806 1015 2840 FD
