1934 3152
827 130 882 172 99

77 232 231 274 addita
246 232 386 273 forme
408 231 640 273 universali
659 231 764 274 facit
786 232 1069 276 individuum.
1114 232 1173 275 Et
1189 232 1260 274 alii
1282 234 1400 286 quod
1419 235 1623 287 potencia

76 303 134 344 ad
179 302 370 355 speciem
415 302 528 342 sicut
568 302 869 356 signacionem
911 303 1101 355 additur,
1141 309 1186 344 et
1233 303 1294 344 sic
1335 303 1532 357 signatur
1580 305 1622 344 in

76 371 270 414 diversis.
333 371 413 414 Set
435 371 584 412 omnia
605 371 685 413 hec
711 372 1032 414 convincuntur
1053 372 1163 414 falsa
1184 386 1278 414 esse
1305 386 1384 426 per
1411 373 1620 427 predicta,

76 441 179 496 quia
216 447 453 495 postquam
497 440 611 482 linea
653 441 943 495 singularium
985 442 1108 483 vadit
1151 442 1206 483 de
1248 441 1517 496 incompleto
1562 442 1618 483 ad

40 530 59 562 5
77 507 379 565 comlpletum‚
408 511 522 552 sicut
552 510 667 552 linea
700 510 1024 562 universalium,
1059 517 1184 565 patet
1220 511 1340 564 quod
1372 518 1476 553 tunc
1508 511 1620 552 sicut
1642 520 1680 553 27
1699 524 1719 545 a
1739 522 1764 544 1·

78 595 124 622 se
140 581 275 622 habet
296 580 459 622 animal
480 581 537 621 ad
559 580 802 633 hominem,
818 581 878 622 sic
896 580 979 622 hoc
1001 581 1164 622 animal
1181 581 1236 622 ad
1252 581 1367 622 hunc
1384 581 1622 633 hominem,

77 658 121 692 et
143 651 240 692 ideo
262 650 375 692 sicut
399 649 616 691 racionale
638 650 844 697 additum
867 649 1044 691 animali
1066 650 1169 693 facit
1194 650 1429 699 hominem,
1454 651 1515 692 sic
1538 650 1621 692 hoc

76 719 295 762 racionale
330 720 535 761 additum
572 718 673 761 huic
713 719 892 761 animali
924 720 1028 761 facit
1061 720 1176 762 hunc
1211 720 1450 771 hominem,
1483 726 1527 761 et
1558 720 1622 762 ita

79 803 157 832 nec
185 790 323 831 homo
349 803 427 831 nec
455 789 623 843 aliquid
654 789 858 830 additum
888 788 1054 829 homini
1077 788 1208 831 faciet
1235 789 1350 831 hunc
1380 789 1617 838 hominem,

18 859 178 901 1olicet
210 859 295 900 hoc
327 865 512 912 ponunt.
579 858 691 899 Item
724 863 849 912 patet
880 873 937 900 ex
970 859 1097 900 dictis
1128 859 1247 912 quod
1284 859 1355 900 hic
1386 858 1523 900 homo
1555 865 1621 900 est

77 929 198 984 prius
233 928 413 969 homine
444 928 688 969 secundum
720 928 1025 981 operacionem
1058 934 1101 969 et
1136 928 1430 970 intencionem
1468 934 1622 969 nature

78 1004 122 1041 et
157 998 294 1040 homo
330 997 508 1039 advenit
545 1002 672 1038 extra
707 997 946 1038 essenciam
983 997 1076 1051 ejus
1109 997 1296 1038 similem
1330 998 1544 1039 accidenti
1577 1004 1621 1039 et

77 1074 288 1122 tanquam
319 1067 427 1108 illud
454 1067 497 1108 in
520 1081 607 1121 quo
637 1067 772 1108 debet
798 1067 1043 1120 comparari
1065 1067 1121 1108 ad
1144 1066 1261 1108 aliud
1284 1068 1404 1121 quod
1425 1074 1490 1108 est
1513 1067 1620 1108 indi-

77 1138 273 1179 viduum.
338 1137 460 1190 Ergo
488 1136 763 1177 individuum
792 1135 928 1177 habet
954 1136 1076 1190 prius
1102 1149 1195 1177 esse
1225 1150 1377 1177 verum
1411 1136 1454 1176 in
1483 1150 1619 1189 quan-

17 1223 55 1256 15
75 1214 171 1248 tum
204 1206 482 1248 individuum
511 1212 577 1247 est
605 1212 650 1248 et
677 1206 918 1247 essenciam
944 1219 1071 1246 suam
1101 1205 1358 1247 naturaliter
1381 1212 1619 1259 antequam

77 1277 244 1319 oriatur
275 1275 519 1317 universale
557 1288 711 1324 suum3
752 1288 858 1329 ergo
889 1281 995 1316 tune
1028 1288 1106 1316 nec
1142 1274 1385 1316 universale
1421 1288 1501 1316 nec
1539 1274 1618 1316 ali-

77 1346 184 1400 quid
214 1345 417 1386 additum
446 1345 504 1386 ad
538 1346 685 1399 ipsum
714 1343 817 1385 facit
841 1344 1130 1385 individuum.
1195 1344 1254 1384 Et
1281 1344 1381 1385 ideo
1407 1344 1621 1398 principia

78 1415 255 1470 propria
296 1415 592 1468 ingrediencia
634 1413 872 1456 essenciam
911 1413 1123 1455 individui
1165 1412 1331 1455 faciunt
1371 1413 1530 1467 ipsum,
1573 1420 1622 1455 ut

76 1484 160 1526 hec
189 1484 335 1526 anima
363 1490 406 1525 et
435 1484 520 1525 hoc
548 1497 708 1538 corpus
735 1483 899 1524 faciunt
926 1483 1043 1524 hunc
1072 1482 1310 1533 hominem,
1332 1483 1445 1524 sicut
1474 1483 1622 1524 anima

19 1570 60 1592 20
77 1560 122 1596 et
160 1568 319 1608 corpus
358 1553 525 1595 faciunt
566 1553 806 1595 hominem.
869 1552 929 1594 Et
970 1552 1054 1595 hoc
1094 1559 1160 1594 est
1202 1553 1320 1606 quod
1354 1552 1622 1593 Aristoteles

77 1625 182 1666 dicit
219 1625 262 1664 in
301 1627 345 1676 7⁰
375 1622 692 1678 Methaphisz'ce
727 1624 847 1677 quod
880 1623 1018 1665 homo
1051 1622 1305 1663 universalis
1342 1623 1621 1676 componitur

77 1708 135 1736 ex
171 1693 319 1734 anima
355 1692 586 1734 universali
624 1699 668 1733 et
704 1706 887 1747 corpore
922 1692 1168 1741 universali,
1203 1697 1247 1732 et
1282 1691 1352 1732 hic
1387 1692 1524 1733 homo
1561 1706 1619 1732 ex

75 1764 224 1805 anima
252 1763 505 1818 particulari
535 1769 579 1804 et
606 1776 789 1818 corpore
817 1762 1081 1816 particulari,
1105 1768 1148 1803 et
1178 1776 1256 1816 per
1284 1761 1396 1802 hanc
1424 1762 1617 1802 animam

76 1833 265 1875 habetur
285 1832 369 1874 hoc
392 1832 623 1883 racionale,
646 1838 691 1873 et
713 1846 790 1886 per
815 1832 899 1873 hoc
928 1845 1085 1885 corpus
1114 1831 1301 1872 habetur
1322 1831 1405 1872 hoc
1426 1831 1589 1872 animal
1608 1847 1617 1880 ;

18 1919 57 1950 25
76 1910 257 1958 propter
288 1903 407 1956 quod
445 1902 726 1956 componitur
761 1901 831 1942 hic
867 1901 1002 1943 homo
1040 1915 1097 1941 ex
1132 1900 1217 1942 hoc
1247 1899 1424 1941 animali
1458 1906 1501 1941 et
1535 1900 1618 1941 hoc

76 1972 299 2021 racionali‚
324 1972 436 2013 sicut
457 1972 593 2014 homo
616 1986 674 2013 ex
696 1971 876 2013 animali
903 1977 947 2012 et
970 1970 1188 2012 racionali.
1251 1970 1311 2012 Et
1333 1976 1512 2024 propter
1533 1969 1618 2011 hoc

76 2049 176 2097 post
219 2041 424 2082 ultimum
467 2041 712 2082 universale
753 2040 882 2081 nichil
924 2040 1042 2081 venit
1082 2039 1126 2079 in
1166 2039 1280 2080 linea
1322 2039 1620 2093 generacionis

75 2110 401 2160 universalium,
437 2110 551 2152 sicut
591 2124 670 2151 nec
713 2116 816 2151 ante
856 2109 1048 2163 primum
1079 2109 1321 2150 universale
1355 2114 1505 2163 potest
1541 2108 1618 2149 ali-

76 2181 183 2236 quid
209 2180 397 2234 reperiri,
420 2187 464 2221 et
489 2179 625 2220 stabit
653 2179 769 2220 linea
798 2179 1109 2221 universalium
1139 2179 1250 2220 inter
1277 2178 1487 2219 terminos
1516 2191 1618 2219 suos

16 2266 59 2297 30
76 2249 355 2300 universales,
381 2255 425 2290 et
452 2249 566 2290 linea
597 2249 882 2303 singularium
915 2249 1026 2289 inter
1056 2248 1267 2289 terminos
1298 2262 1400 2289 suos
1431 2248 1618 2302 particu-

77 2320 201 2361 lares.
255 2319 315 2360 Et
337 2319 543 2374 precedet
565 2319 608 2358 in
630 2325 786 2359 natura
808 2317 921 2359 linea
942 2317 1229 2371 singularium
1251 2317 1319 2358 cui
1342 2317 1620 2358 subtenditur

75 2390 188 2430 linea
222 2388 541 2430 universalium.
606 2387 719 2428 Cum
748 2394 898 2429 autem
929 2386 1196 2428 Aristoteles
1225 2387 1331 2428 dicit
1360 2387 1503 2441 primo
1530 2385 1622 2428 Celz‘

75 2467 119 2501 et
137 2457 314 2509 Mundi,
347 2457 422 2511 qui
456 2457 558 2498 dicit
590 2456 732 2497 celum
765 2456 870 2498 dicit
900 2456 1086 2497 formam
1118 2462 1306 2506 tantum,
1328 2462 1372 2497 et
1403 2456 1479 2510 qui
1511 2457 1620 2498 dicit

76 2528 301 2569 hominem
325 2528 430 2568 dicit
452 2527 640 2567 formam
664 2527 707 2566 in
731 2527 927 2577 materia,
950 2533 993 2566 et
1016 2525 1059 2565 in
1084 2529 1127 2578 7⁰
1150 2524 1475 2578 Medmfflzisiw,
1502 2527 1619 2580 quod

17 2611 57 2644 35
75 2611 288 2652 generans
336 2610 423 2638 non
474 2601 655 2649 generat
707 2595 827 2636 aliud
867 2609 891 2635 a
934 2608 981 2636 se
1024 2595 1103 2635 nisi
1145 2602 1327 2649 propter
1379 2596 1623 2649 materiam,

77 2681 134 2708 ex
183 2667 342 2721 quibus
384 2666 527 2707 verbis
573 2664 791 2719 arlgueret
840 2665 1037 2719 sophista
1079 2665 1199 2718 quod
1248 2665 1427 2707 materia
1468 2665 1622 2708 addita
1642 2687 1766 2722 27a2.

120 2791 159 2811 21
197 2784 235 2814 7⁰
263 2779 559 2820 Methaphisioe]
588 2789 617 2809 c.
646 2788 699 2818 39.
911 2786 954 2816 32
996 2778 1120 2814 primo
1153 2779 1234 2809 Celi
1265 2782 1303 2810 et
1336 2778 1488 2820 Mundi]
1512 2789 1539 2811 c.
1564 2789 1618 2819 92.

77 2843 119 2875 34
143 2836 181 2866 7⁰
192 2832 485 2874 Methaphisiee]
504 2842 531 2864 c.
551 2832 603 2862 28.

812 2893 892 2924 112
