1934 3152
835 136 883 166 21

88 239 293 295 quatinus
320 252 398 293 per
424 244 599 280 mutuas
628 237 882 280 influencias
910 238 1121 281 virtutum
1150 239 1445 282 assimilentur
1474 256 1626 284 omnes

87 316 233 363 partes
255 308 442 350 universi
465 313 677 362 quantum
702 307 912 361 possibile
936 315 1012 360 est,
1028 315 1075 349 ut
1094 308 1250 349 forcior
1267 309 1324 351 sit
1341 310 1466 363 vigor
1483 310 1626 363 cujus-

85 377 193 420 libet
215 379 352 432 partis
375 384 418 418 et
439 377 592 419 tocius.
658 377 773 418 Nam
798 391 865 418 res
879 376 1088 419 differunt
1103 378 1145 419 in
1160 379 1304 433 specie
1317 379 1387 420 vel
1402 380 1444 420 in
1463 382 1626 422 naturis

85 447 356 501 specificatis,
386 453 428 487 et
454 445 648 500 quelibet
675 446 822 488 deficit
850 445 936 497 alii,
968 454 1012 488 et
1038 454 1105 488 est
1136 455 1265 489 extra
1293 448 1438 499 aliam,
1470 457 1514 491 et
1540 463 1626 490 non

48 537 65 568 5
85 517 218 558 habet
244 523 446 558 naturam
469 516 647 557 alterius
672 516 727 556 de
750 530 807 565 se,
830 523 896 557 set
910 517 1061 557 omnis
1084 523 1284 559 creatura
1306 518 1439 559 habet
1463 518 1626 572 aliquid

84 587 337 637 nobilitatis,
354 592 397 626 et
419 585 518 626 ideo
542 584 736 638 quelibet
752 592 1142 641 quantumcunque
1158 588 1316 629 nobilis
1331 588 1466 629 habet
1484 588 1627 630 defec-

84 655 435 698 tum‘nobilitatis
454 655 457 709 1
474 668 560 708 que
577 662 643 696 est
663 655 705 695 in
722 656 889 705 ceteris,
907 663 950 697 et
967 656 1066 697 ideo
1080 663 1296 710 appetunt
1313 658 1431 711 quod
1448 657 1627 700 tollatur
1642 668 1677 699 F.
1700 665 1740 698 86
1759 669 1779 699 b
1803 675 1829 701 1.

83 726 152 767 hic
169 725 365 767 defectus
382 731 597 778 quantum
616 724 823 777 possibile
845 731 922 776 est,
940 732 983 766 et
1006 726 1173 768 tollitur
1193 741 1271 780 per
1292 727 1626 768 similitudinem

83 794 175 848 ejus
197 795 254 835 ad
271 794 378 835 alias
397 800 627 843 creaturas,
642 807 728 847 que
743 793 1005 835 assimilacio
1029 793 1077 836 fit
1101 809 1178 848 per
1199 796 1380 849 species.
1443 796 1504 837 Et
1527 796 1626 837 ideo

27 882 64 906 10
82 864 225 905 omnis
261 870 459 905 creatura
496 863 719 905 desiderat
746 864 932 904 naturali
965 864 1183 905 desiderio
1213 866 1405 919 speciem
1438 865 1626 915 alterius,

81 939 262 988 propter
278 934 397 987 quod
414 932 622 974 alteracio
645 946 722 986 per
743 933 934 986 speciem
958 947 1046 975 non
1065 940 1131 976 est
1148 934 1190 974 in
1208 936 1539 988 corrupcionem
1558 943 1624 977 set

82 1003 124 1043 in
139 1003 326 1044 salutern
343 1009 386 1044 et
399 1002 730 1057 perfeccionem,
745 1003 859 1044 sicut
872 1002 1138 1045 Aristoteles
1153 1004 1283 1046 docet
1300 1010 1343 1045 2⁰
1355 1004 1620 1047 DeAnz‘ma:

81 1074 158 1114 sed
188 1073 395 1127 quicquid
432 1072 545 1113 ultra
577 1072 766 1125 speciem
800 1079 1048 1126 generatur,
1081 1073 1248 1115 inducit
1289 1075 1619 1129 corrupcionem

81 1143 222 1184 tocius
246 1150 289 1183 et
315 1142 462 1197 partis,
492 1148 535 1183 et
566 1142 665 1182 ideo
694 1155 780 1182 non
806 1142 989 1195 expedit
1011 1143 1219 1183 creaturis
1247 1141 1254 1198 Ι
1280 1144 1401 1197 quod
1425 1144 1621 1197 quelibet
1638 1151 1658 1184 6
1676 1153 1697 1184 b
1717 1162 1744 1185 1.

24 1227 60 1260 ¹5
81 1212 220 1266 possit
233 1212 455 1266 complere
472 1211 663 1264 speciem
678 1224 803 1252 suam
818 1211 858 1251 in
874 1210 1080 1252 effectum
1096 1212 1365 1266 completum
1382 1213 1621 1255 habentem

82 1295 241 1323 nomen
273 1282 455 1335 agentis,
486 1282 590 1336 quia
621 1287 725 1322 tunc
755 1280 1001 1335 spiritualia
1033 1288 1336 1324 converterent
1368 1297 1552 1337 corpora
1581 1284 1625 1324 in

80 1351 270 1404 spiritus,
287 1358 331 1393 et
352 1350 528 1392 celestia
549 1356 891 1392 transmutarent
909 1350 1112 1393 inferiora
1129 1351 1172 1391 in
1190 1351 1397 1394 celestem
1421 1359 1624 1395 naturam

81 1428 123 1462 et
155 1420 358 1462 homines
389 1428 432 1462 et
463 1419 669 1461 animalia
700 1426 745 1462 et
775 1426 918 1462 cetere
952 1434 1019 1461 res
1053 1421 1291 1463 nobiliores
1320 1429 1625 1464 converterent

80 1489 254 1531 viliores
275 1491 319 1531 in
336 1496 536 1532 naturam
554 1503 693 1531 suam.
754 1488 814 1530 Et
837 1504 895 1530 ex
918 1491 1199 1532 ordinacione
1216 1491 1364 1533 divina
1386 1499 1430 1534 et
1452 1492 1625 1546 exlege

21 1576 61 1597 20
81 1565 235 1601 nature
266 1559 534 1610 universalis,
566 1573 653 1613 que
684 1559 872 1600 intendit
903 1559 1092 1601 salutem
1124 1561 1265 1602 tocius
1298 1562 1462 1614 mundi,
1491 1576 1624 1616 quam

79 1628 308 1670 Avicenna
333 1636 462 1670 sexto
483 1628 797 1683 Methaplzisice
824 1634 954 1670 vocat
981 1635 1181 1670 naturam
1211 1629 1416 1671 diffusam
1447 1632 1490 1672 in
1519 1633 1622 1673 sub-

78 1699 292 1740 stanciam
321 1697 515 1740 celorum
544 1706 588 1740 et
614 1712 766 1740 omnes
795 1705 942 1753 partes
971 1699 1169 1750 universi,
1192 1714 1277 1754 que
1299 1706 1368 1742 est
1397 1708 1552 1744 natura
1579 1703 1621 1743 in

80 1781 167 1822 qua
181 1769 444 1809 conveniunt
459 1768 786 1818 omnia,accidit
802 1769 921 1822 quod
937 1767 1187 1811 substancie
1201 1776 1368 1823 quanto
1383 1771 1620 1813 nobiliores

79 1843 191 1889 sunt,
228 1844 354 1879 tanto
396 1839 537 1892 magis
573 1844 772 1879 artantur
807 1838 864 1879 ad
900 1839 1059 1893 speciei
1094 1840 1229 1880 solius
1269 1841 1620 1894 generacionem,

22 1928 59 1960 25
80 1914 129 1948 ut
161 1907 260 1961 plus
291 1921 377 1949 non
409 1907 583 1957 faciant,
618 1908 730 1950 sicut
761 1908 974 1962 spiritalia
999 1914 1044 1949 et
1075 1908 1254 1949 celestia
1291 1916 1334 1950 et
1371 1915 1516 1950 cetere
1553 1924 1620 1952 res

80 1977 262 2018 nobiles.
305 1978 365 2018 Et
387 1978 569 2031 agencia
590 1977 860 2019 debilissima
878 1991 965 2019 non
986 1984 1171 2032 possunt
1192 1978 1334 2021 facere
1355 1980 1437 2021 nisi
1454 1981 1621 2034 species

79 2053 262 2101 propter
293 2047 566 2088 debilitatem
603 2061 740 2096 suam,
774 2048 890 2089 unde
924 2061 1011 2088 non
1045 2054 1230 2101 possunt
1263 2049 1484 2103 complere
1516 2064 1619 2091 suos

80 2116 275 2168 effectus,
311 2123 358 2158 ut
397 2117 535 2170 Odor,
578 2116 734 2172 Sapor,
770 2115 915 2166 Color,
949 2124 993 2158 et
1028 2116 1294 2171 hujusmodi,
1329 2125 1397 2160 set
1437 2120 1620 2172 agencia

79 2187 243 2228 nobilia
280 2199 366 2227 non
402 2192 600 2228 artantur
632 2187 687 2228 ad
720 2187 880 2240 speciei
912 2187 1044 2228 solius
1075 2188 1408 2241 generacionem
1441 2196 1622 2243 propter

20 2276 61 2307 30
79 2267 230 2301 eorum
250 2253 557 2308 inpotenciam‚
577 2260 643 2295 set
660 2260 843 2308 propter
855 2253 1042 2295 salutem
1058 2254 1258 2296 universi.
1301 2254 1503 2309 Agencia
1517 2270 1620 2297 vero

80 2323 237 2372 media,
255 2330 303 2364 ut
317 2331 504 2378 quatuor
519 2323 735 2365 elementa
750 2331 794 2366 et
808 2324 1044 2378 qualitates
1059 2337 1210 2365 eorum
1225 2332 1425 2378 quatuor,
1438 2333 1621 2379 possunt

126 2437 166 2458 12
190 2430 228 2458 2⁰
244 2430 299 2459 De
315 2427 472 2469 Anima]
491 2437 519 2458 c.
540 2436 594 2467 57,
613 2427 667 2466 58.
911 2437 951 2458 21
978 2430 1086 2458 sexto
1103 2427 1400 2469 Methaphisiee]
1418 2428 1472 2459 lib.
1490 2428 1536 2469 vi,
1554 2439 1582 2460 c.
1603 2438 1622 2468 5

83 2483 91 2498 ‘
105 2479 264 2520 Intelligo
286 2491 349 2520 per
368 2485 522 2511 naturam
548 2479 779 2511 universalem
802 2479 964 2510 virtutem
987 2480 1132 2511 infusam
1153 2479 1188 2510 in
1211 2480 1420 2511 substancias
1444 2481 1621 2521 celorum‚’

21 2555 25 2558 -
80 2532 101 2563 s.
123 2532 204 2563 Fii⁹⁰
221 2533 274 2564 ed.
291 2532 434 2571 Venice,
458 2541 552 2572 1495.

127 2643 188 2664 1-2
205 2633 365 2673 quatinus
377 2657 385 2664 .
399 2657 406 2665 .
423 2657 430 2665 .
446 2632 667 2664 universiom.
679 2632 712 2663 F
775 2642 788 2663 1
809 2632 959 2674 mutuas]
971 2633 1136 2665 multasD
1203 2644 1223 2665 2
1240 2632 1435 2675 cujuslibet]
1444 2633 1624 2665 cuilibetD

80 2695 101 2725 3
124 2685 195 2727 vel]
213 2690 247 2716 et
264 2685 299 2716 D
419 2696 440 2725 4
464 2685 596 2727 deficit]
614 2685 765 2716 deservit
781 2685 817 2716 D
887 2690 940 2717 est
956 2696 1022 2717 om.
1041 2686 1075 2716 F
1178 2687 1200 2717 6
1225 2685 1363 2727 nobilis]
1381 2692 1434 2718 est
1451 2686 1573 2717 nobilis
1589 2686 1625 2717 D

83 2748 100 2777 7
123 2737 206 2779 que]
224 2739 312 2778 quod
329 2737 363 2768 F
460 2749 499 2776 14
525 2738 602 2768 ideo
619 2748 685 2770 om.
705 2737 739 2768 D
876 2747 915 2778 19
939 2748 983 2768 ex
999 2737 1092 2780 lege]
1110 2738 1186 2779 lege
1202 2738 1237 2769 F
1332 2748 1371 2769 21
1397 2738 1515 2780 sexto]
1532 2739 1568 2769 80
1584 2739 1626 2770 M

82 2789 254 2831 naturam]
272 2790 447 2821 materiam
464 2791 498 2821 F
640 2789 888 2831 substanciam]
906 2790 1122 2822 substancias
1138 2790 1201 2821 FD
1325 2800 1367 2821 22
1391 2790 1441 2832 et]
1458 2796 1493 2822 et
1510 2791 1543 2822 in
1559 2790 1623 2822 FD

82 2852 134 2882 24,
149 2852 192 2883 29
214 2843 386 2885 artantur]
402 2844 486 2884 sort.
503 2848 661 2884 aptantur
772 2844 815 2874 26
839 2842 952 2874 facere
969 2853 1036 2874 om.
1054 2843 1089 2874 D
1199 2853 1239 2883 31
1267 2842 1325 2874 alt.
1342 2847 1487 2883 quatuor
1502 2853 1569 2876 om.
1587 2844 1623 2875 D
