1934 3152
1004 94 1061 133 42

106 221 141 245 11
161 213 182 244 b
204 221 230 246 1.
256 202 401 254 midiS,
434 207 479 243 et
513 198 613 242 ideo
647 199 817 250 forcior,
854 204 900 240 et
932 196 1032 253 plus
1070 196 1076 253 Ι
1120 197 1254 240 habet
1291 198 1348 240 de
1380 192 1808 251 virtute‚ſsquoniam

253 273 394 314 virtus
426 270 548 313 venit
579 271 822 313 secundum
855 269 971 310 hunc
1004 268 1177 309 radium
1209 282 1235 309 a
1258 274 1354 310 tota
1383 267 1683 323 profunditate
1704 266 1810 308 solis

253 344 374 397 quod
397 355 485 384 non
507 341 667 384 accidit
690 341 734 381 in
758 340 865 382 aliis.
927 340 1046 381 Nam
1069 341 1302 393 dyameter
1322 339 1375 381 [ω
1392 346 1458 381 est
1481 334 1809 394 longior‘quam

243 420 320 468 pq,
341 420 385 455 et
407 426 540 466 quam
563 425 719 452 omnes
742 410 856 451 linee
880 410 1092 452 cadentes
1114 409 1156 450 in
1179 409 1339 452 circulo
1361 423 1386 450 a
1416 409 1553 450 latere
1575 407 1811 462 dyametri,

955 1000 1037 1033 Fxo.
1067 1009 1116 1031 10.

256 1115 300 1150 et
336 1109 436 1151 ideo
467 1110 566 1163 plus
598 1109 718 1164 capit
749 1108 806 1150 de
838 1107 1093 1150 substancia
1122 1106 1238 1155 solis,
1262 1112 1304 1147 et
1338 1105 1440 1147 ideo
1472 1103 1572 1159 plus
1597 1103 1732 1146 habet
1754 1103 1849 1149 des

254 1179 430 1221 virtute.
493 1179 554 1221 Et
576 1178 632 1220 leb
662 1179 779 1220 linea
808 1186 874 1221 est
905 1178 1082 1220 brevior
1110 1190 1244 1231 quam
1266 1174 1325 1225 cb,
1354 1182 1398 1217 et
1428 1188 1582 1217 omnes
1611 1173 1696 1216 alie
1726 1187 1813 1228 que

254 1263 279 1290 a
307 1250 519 1304 porcione
541 1249 648 1291 solis
678 1250 952 1291 descendunt
985 1248 1028 1289 in
1057 1256 1232 1298 terram,
1254 1252 1527 1301 quapropter
1549 1244 1647 1301 plus
1677 1244 1812 1286 habet

254 1320 309 1362 de
330 1319 493 1362 virtute
525 1320 767 1361 secundum
795 1318 1054 1373 predictam.
1118 1318 1179 1359 Et
1206 1317 1285 1358 hec
1315 1329 1428 1358 nunc
1450 1330 1536 1370 que
1558 1316 1677 1358 dicta
1709 1321 1812 1356 sunt

254 1396 409 1443 patent
432 1404 490 1431 ex
515 1390 560 1430 ga
582 1391 705 1432 tercii
727 1389 1074 1431 Elementormn.
1244 1382 1252 1388 ”

317 1579 568 1635 Capitulum
603 1587 674 1631 4¹1¹.
736 1579 787 1622 de
820 1578 943 1621 modo
976 1578 1194 1620 existendi
1227 1579 1381 1634 species
1423 1578 1468 1619 in
1512 1579 1648 1620 medio
1683 1585 1727 1620 et
1759 1577 1810 1618 de
1834 1589 1873 1613 ¹0

254 1650 345 1706 ejus
365 1650 634 1693 successione.

316 1749 462 1791 Multa
493 1750 580 1792 alia
611 1756 714 1792 sunt
745 1750 859 1792 circa
892 1750 998 1791 istas
1031 1748 1427 1804 multiplicaciones
1457 1763 1542 1804 que
1576 1750 1717 1804 magis
1750 1752 1806 1792 ad

256 1819 630 1874 methaphisicum
663 1820 899 1875 pertinent,
931 1820 1044 1861 inter
1074 1833 1162 1873 que
1196 1826 1298 1860 sunt
1329 1819 1479 1873 aliqua
1510 1820 1691 1874 vulgata
1722 1834 1808 1874 que

256 1903 464 1944 magnam
513 1890 820 1933 difficultatem
866 1890 1044 1940 habent,
1087 1889 1264 1939 scilicet,
1308 1891 1366 1932 de
1407 1890 1543 1932 modo
1585 1891 1807 1932 existendi

254 1960 422 2013 species
458 1960 502 2001 in
536 1961 697 2012 medio,
733 1966 776 2002 et
818 1960 875 2002 de
912 1950 1286 2014 multiplicacione
1322 1960 1417 2014 ejus
1454 1961 1701 2002 successiva
1737 1959 1807 2002 vel
1830 1976 1869 2010 15

255 2030 545 2080 instantanea,
571 2036 616 2072 et
647 2044 705 2072 an
737 2037 888 2084 posset
922 2029 1014 2072 fieri
1047 2029 1365 2084 multiplicacio
1396 2030 1558 2084 speciei
1589 2031 1632 2072 in
1654 2031 1806 2085 spacio

255 2099 442 2150 infinito,
463 2107 507 2142 et
529 2113 586 2141 an
608 2101 651 2141 in
673 2114 823 2154 vacuo,
846 2107 892 2142 et
912 2099 1181 2154 hujusmodi.
1231 2100 1428 2142 Primum
1447 2108 1598 2143 autern
1617 2100 1807 2155 majores

255 2170 390 2212 habet
439 2170 750 2221 difficultates3
794 2184 896 2212 nam
938 2171 1136 2225 queritur
1176 2184 1232 2213 an
1266 2173 1435 2227 species
1477 2172 1520 2213 in
1563 2173 1709 2215 medio
1749 2173 1806 2216 sit

253 2241 507 2283 substancia
539 2241 608 2283 vel
647 2241 862 2283 accidens.
929 2241 989 2283 Et
1021 2248 1146 2296 patet
1178 2255 1236 2283 ex
1269 2243 1480 2297 predictis
1511 2248 1555 2285 et
1586 2257 1645 2285 ex
1677 2243 1805 2297 plena

254 2311 610 2353 consideracione
656 2311 964 2366 methaphisici
1007 2312 1126 2365 quod
1165 2312 1418 2354 substancie
1459 2307 1635 2367 species
1670 2313 1804 2355 habet
1827 2326 1869 2349 20

255 2386 459 2422 naturam
474 2380 725 2423 substancie
739 2387 783 2423 et
798 2383 1050 2431 accidentis,
1066 2388 1110 2424 et
1128 2388 1194 2423 est
1211 2382 1426 2432 accidens,
1440 2383 1543 2437 quia
1557 2389 1623 2424 est
1640 2382 1805 2436 primus

255 2558 320 2579 om.
338 2548 401 2579 FD
516 2560 536 2588 4
561 2548 705 2590 circulo]
723 2549 841 2580 circuli
857 2549 893 2580 D
1019 2550 1041 2580 6
1064 2549 1122 2592 cb]
1139 2549 1182 2581 ob
1200 2549 1243 2580 M
1371 2561 1393 2590 9
1417 2550 1514 2582 tercii
1532 2550 1804 2592 Elementorum]

256 2600 514 2632 Elementorum
533 2602 684 2633 Euclidis
701 2601 736 2631 D
884 2612 924 2633 10
946 2602 1098 2644 species]
1115 2602 1309 2643 specierum
1326 2602 1361 2633 D
1547 2603 1604 2634 alt.
1625 2602 1668 2634 de
1684 2613 1751 2635 om.
1769 2603 1804 2633 D

258 2662 292 2683 11
321 2654 557 2695 successione]
588 2654 810 2695 susceptione
848 2665 912 2695 per
941 2655 1234 2695 comparacionem
1263 2655 1306 2686 ad
1337 2655 1487 2696 spacium
1521 2659 1555 2686 et
1586 2660 1742 2686 naturam
1770 2661 1804 2688 et

254 2705 424 2736 infinitum
442 2706 475 2736 F
643 2716 682 2747 13
707 2707 1009 2748 methaphisicum]
1027 2707 1274 2747 methaphisica
1291 2708 1324 2738 F
1489 2718 1527 2747 14
1552 2707 1804 2751 difficultatem]

254 2757 437 2789 salsitatem
456 2759 518 2789 FD
698 2769 736 2799 15
760 2758 912 2800 species]
931 2760 1122 2800 specierum
1141 2759 1176 2790 D
1356 2760 1396 2791 18
1419 2759 1513 2801 nam]
1533 2770 1609 2792 nam
1626 2761 1762 2801 species
1779 2762 1812 2793 F

1920 2148 1931 2222 ᾗ

1921 2382 1932 2418 l

303 2505 316 2525 1
344 2496 470 2527 virtute
488 2506 555 2529 om.
574 2496 610 2527 D
765 2507 785 2526 2
808 2495 921 2538 venit]
938 2502 1051 2528 autem
1068 2497 1102 2527 F
1261 2507 1282 2538 3
1305 2497 1368 2540 ho]
1390 2498 1434 2530 bo
1451 2495 1493 2528 M
1600 2501 1653 2529 est
1669 2497 1806 2538 longior

258 2821 298 2851 19
321 2816 354 2842 et
371 2812 433 2853 ex]
446 2814 537 2852 quod
555 2823 598 2844 ex
614 2812 650 2843 D
782 2823 821 2844 21
849 2820 883 2846 et
901 2814 970 2856 est]
989 2820 1040 2846 est
1057 2814 1130 2846 MF
