1934 3152
754 156 848 201 ‚49

61 259 276 315 longioris.
338 258 417 301 Set
449 273 526 315 per
562 265 663 301 21²²¹¹¹
689 260 900 314 ejusdem,
921 258 1105 315 angulus
1134 259 1177 301 in
1205 273 1317 302 cono
1348 261 1591 316 pyramidis

60 328 268 370 brevioris
290 335 356 370 est
378 328 518 382 major
540 342 671 383 quam
697 328 882 382 angulus
909 328 953 370 in
974 343 1085 371 cono
1106 330 1346 384 pyramidis
1372 330 1590 385 longioris,

59 398 236 450 scilicet,
271 413 299 440 a
339 404 405 439 est
442 396 581 451 major
616 412 748 452 quam
779 414 827 448 ες
869 405 913 441 et
949 413 1025 454 per
1064 405 1165 451 15am
1198 398 1406 453 ejusdem,
1442 399 1590 453 anguli

60 467 344 523 contrapositi
374 474 474 509 sunt
506 467 692 522 equales,
721 468 937 510 sciliceta
962 475 1005 510 et
1031 467 1066 518 b,
1089 468 1194 511 item
1222 484 1243 510 c
1264 475 1308 510 et
1337 469 1392 519 d3
1428 482 1532 522 ergo
1562 468 1595 509 d

23 554 41 586 5
61 543 105 579 et
134 552 157 579 c
186 536 315 579 simul
350 537 514 592 sumpti
550 545 650 579 sunt
687 539 873 580 minores
904 553 1037 593 quam
1071 553 1098 580 a
1135 544 1179 580 et
1210 537 1234 579 b
1262 538 1391 580 simul
1424 538 1592 593 juncti3

60 621 165 662 ergo
193 620 292 648 cum
321 613 510 662 quatuor
538 607 668 648 simul
694 608 858 663 sumpti
890 614 1102 663 equantur
1132 607 1228 649 aliis
1254 614 1442 663 quatuor
1466 607 1594 649 simul

61 677 245 731 sumptis
292 690 370 731 per
413 683 527 732 13⁸¹1¹‚
566 683 670 719 tunc
711 684 888 732 oportet
930 678 1047 732 quod
1082 677 1110 718 lc
1151 683 1194 718 et
1226 678 1246 719 l
1284 678 1370 720 sint
1410 677 1598 731 majores

61 759 195 800 quam
220 746 263 799 f
291 752 336 788 et
365 760 398 788 e.
462 745 742 801 Quapropter
771 747 879 788 radii
912 748 985 801 qui
1017 747 1240 789 continent
1270 760 1292 788 e
1324 747 1462 801 magis
1491 746 1596 788 vici-

63 822 222 857 nantur
261 829 394 869 quam
436 815 543 857 radii
585 816 859 858 continentes
897 816 938 858 Ιι.
1010 817 1070 858 Et
1110 817 1266 858 eodem
1310 817 1444 858 modo
1487 816 1596 858 radii

7 899 45 922 10
63 885 335 928 continentes
359 885 401 939 f
427 886 759 940 propinquiores
799 893 900 929 sunt
940 900 1074 940 quam
1111 886 1219 928 radii
1261 886 1532 929 continentes
1567 885 1594 937 l,

66 962 110 997 et
150 955 210 996 sic
251 955 308 997 de
348 955 526 997 infinitis
567 956 699 998 radiis
741 957 815 1010 qui
856 957 1189 998 conterminales

1215 990 1264 1018 ‘m

64 1032 166 1068 sunt
217 1025 260 1070 in
311 1026 543 1081 pyramide
598 1026 796 1077 breviori,
847 1032 1019 1081 oportet
1069 1027 1187 1080 quod
1568 989 1604 1029 p

65 1108 217 1137 omnes
240 1096 381 1151 magis
401 1095 642 1137 vicinentur
667 1109 799 1149 quam
827 1096 935 1137 radii
960 1097 1034 1149 qui
1059 1096 1187 1137 simul

65 1166 357 1207 terminantur
400 1165 443 1206 in
482 1164 487 1221 Ι
528 1179 638 1207 cono
682 1166 924 1221 pyramidis
969 1166 1187 1220 longioris.
1617 1181 1738 1213 13a2.

9 1246 46 1280 15
70 1234 148 1277 Set
203 1234 360 1276 vicinia
414 1234 627 1276 virtutum
685 1240 750 1276 est
805 1249 934 1277 causa
993 1235 1189 1277 forcioris

69 1305 272 1348 accionis.

86 1402 90 1406 -
127 1374 205 1417 Set
241 1381 389 1416 tamen
420 1389 519 1416 curn
550 1375 738 1416 incessus
767 1375 1189 1430 perpendicularium

67 1445 125 1487 sit
166 1444 436 1494 fortissimus,
478 1449 523 1485 et
569 1445 711 1486 omnis
751 1458 950 1487 accessus
990 1446 1046 1487 ad
1092 1459 1189 1500 per-

69 1515 371 1570 pendiculares
411 1514 566 1555 forcior
606 1520 673 1556 est
713 1528 893 1564 recessu,
935 1521 1039 1556 tunc
1080 1514 1189 1557 radii

12 1598 52 1622 20
70 1584 314 1640 pyramidis
345 1584 552 1638 longioris
583 1597 681 1626 cum
713 1584 853 1638 magis
886 1586 1098 1627 accedant
1135 1585 1191 1626 ad

69 1653 446 1710 perpendiculares
460 1654 1038 1708 m,7z,q,p‚eruntforciores.
1078 1655 1191 1696 Item
1235 1668 1271 1695 ‘n
1391 1679 1407 1722 Z
1440 1679 1467 1722 h
1581 1661 1607 1703 q

71 1730 139 1766 tot
165 1724 274 1766 radii
298 1725 478 1766 veniunt
498 1725 555 1766 ad
578 1738 737 1766 conum
759 1725 1002 1779 pyramidis
1025 1724 1191 1779 longio-
1405 1752 1436 1794 d

72 1795 142 1846 ris,
178 1795 290 1836 sicut
325 1794 380 1835 ad
423 1808 581 1836 conum
617 1795 838 1846 brevioris,
875 1794 999 1849 quasi
1036 1794 1192 1835 infiniti
1343 1837 1413 1869 Fre
1445 1845 1481 1867 12

72 1864 315 1918 utrobique.
395 1863 475 1906 Set
518 1878 653 1905 conus
698 1865 940 1919 pyramidis
984 1864 1193 1919 longioris
1417 1861 1424 1869 ’
1487 1861 1495 1868 ’

14 1943 53 1978 ²5
73 1934 317 1975 acuciorem
347 1933 483 1975 habet
513 1933 734 1987 angulum,
763 1948 841 1988 per
870 1940 985 1976 21³m.
1047 1933 1169 1987 Ergo
1201 1932 1310 1974 radii
1342 1932 1433 1986 ejus
1466 1931 1604 1986 magis

72 2004 336 2053 vicinantur3
367 2017 471 2057 ergo
494 2002 650 2044 sorcius
671 2003 909 2045 comburet.

133 2073 194 2114 Et
226 2072 459 2114 dicendum
491 2078 556 2114 est
588 2073 706 2126 quod
737 2072 818 2114 hee
854 2073 1046 2115 raciones
1080 2071 1135 2113 ad
1173 2078 1405 2125 utramque
1435 2062 1604 2126 partem

75 2142 473 2184 demonstraciones
503 2150 615 2193 sunt,
646 2148 713 2184 set
747 2143 953 2184 forciores
984 2148 1085 2183 sunt
1116 2143 1171 2184 ad
1203 2142 1389 2196 primam
1422 2147 1604 2196 partem,

75 2219 121 2254 et
155 2212 256 2253 ideo
291 2211 529 2266 prevalent.
592 2211 725 2254 Unde
761 2218 974 2265 quantum
1005 2216 1186 2266 possunt
1218 2211 1409 2252 raciones
1441 2210 1606 2260 ultime,

19 2293 59 2326 30
76 2288 250 2324 tantum
302 2279 577 2330 concludunt,
627 2287 693 2322 set
742 2280 824 2322 alie
877 2280 1080 2322 forciores
1136 2286 1238 2322 sunt
1293 2286 1336 2321 et
1390 2279 1606 2320 efficacius

77 2357 322 2407 operantur.
384 2351 426 2391 N
433 2363 513 2391 unc
539 2350 582 2391 in
604 2349 702 2401 fine,
723 2350 778 2391 de
805 2351 1084 2405 corrupcione
1106 2351 1360 2405 specierum,
1382 2349 1606 2390 sciendum

78 2422 198 2476 quod
235 2422 347 2463 sicut
382 2420 611 2473 generacio
650 2433 800 2460 earum
836 2426 901 2461 est
937 2419 1157 2471 naturalis,
1191 2420 1250 2460 sic
1288 2419 1523 2473 corrupcio,
1563 2425 1607 2459 et

79 2493 178 2534 ideo
208 2492 319 2532 sicut
347 2491 401 2531 de
429 2489 632 2545 potencia
663 2489 844 2530 materie
873 2495 1147 2543 generantur,
1178 2489 1239 2530 sic
1269 2493 1609 2542 corrumpuntur

21 2563 25 2566 '
79 2562 122 2602 in
148 2561 334 2602 eandem
362 2559 621 2615 potenciam.
684 2559 744 2599 Et
772 2559 881 2599 sicut
909 2558 1086 2600 effectus
1114 2557 1320 2613 completi
1347 2563 1610 2611 generantur

21 2641 60 2675 35
81 2632 136 2673 de
156 2631 357 2686 potencia
379 2629 558 2670 materie
575 2635 619 2669 et
641 2628 683 2669 in
699 2642 796 2669 eam
813 2635 1159 2682 corrumpuntur,
1173 2629 1231 2669 sic
1247 2626 1428 2668 effectus
1443 2628 1607 2670 incom-

81 2701 186 2757 pleti
207 2701 282 2754 qui
303 2706 403 2741 sunt
425 2698 600 2754 species,
622 2699 739 2752 quod
761 2697 894 2739 habet
917 2697 1256 2752 methaphisicus
1278 2698 1588 2739 demonstrare.

128 2791 142 2811 1
169 2779 329 2821 angulus]
347 2778 488 2819 angulos
503 2777 537 2808 F
630 2787 650 2818 5
674 2776 772 2809 simul
789 2777 915 2817 sumpti
932 2787 996 2808 om.
1009 2776 1045 2807 D
1141 2787 1184 2809 20
1206 2776 1389 2819 accedant]
1406 2776 1560 2808 accidant
1575 2776 1614 2808 D

82 2835 124 2865 26
146 2831 350 2873 vicinantur]
369 2832 532 2863 uniuntur
547 2830 612 2861 FD
805 2840 850 2870 30
873 2829 954 2872 alie]
971 2829 1037 2861 alie
1052 2829 1212 2862 raciones
1228 2829 1264 2860 D
1410 2834 1490 2861 sunt
1504 2840 1571 2862 om.
1586 2829 1621 2860 F

83 2895 127 2928 35
150 2884 361 2926 incompleti]
378 2883 536 2925 completi
551 2883 586 2914 F

151 2965 179 2984 R.
195 2964 222 2982 n.
238 2965 258 2983 11
830 2947 861 2979 E
