1934 3152
1032 104 1085 133 10

280 210 463 253 sciencie
487 217 588 252 octo
621 216 775 264 postea
807 208 910 262 poni
944 209 985 248 in
1018 207 1125 249 locis
1155 207 1197 247 in
1229 204 1479 260 particulari
1511 210 1554 246 et
1582 204 1623 244 in
1653 200 1829 257 propria

281 280 527 334 disciplina.
1569 286 1571 288 ·

346 414 592 469 Capitulum
625 420 693 468 3¹³¹.
757 413 808 453 de
830 412 952 453 modo
964 411 1224 466 procedendi
1242 411 1288 452 in
1317 398 1547 452 tractando
1567 408 1619 450 de
1647 414 1829 449 natura·

281 485 405 526 lilms.

343 575 476 630 Quod
508 576 565 616 ad
603 587 781 628 presens
814 574 997 615 intendo
1035 572 1174 614 facere
1220 573 1263 612 in
1308 568 1504 613 scienciis
1545 569 1829 619 naturalibus,
1851 588 1868 618 5

281 654 348 687 set
396 646 539 700 primo
582 650 772 685 tractatu
817 643 1149 696 compendioso,
1192 655 1246 682 ne
1287 641 1518 695 prolixitas
1565 648 1608 682 et
1656 640 1830 682 novitas

281 716 413 757 nimie
466 720 654 756 terreant
707 713 943 765 auditores,
995 711 1283 753 medullarem
1334 717 1484 753 tamen
1529 710 1830 752 substanciam

282 787 480 829 omnium
514 784 799 826 scienciarum
836 783 879 823 in
913 783 996 823 hoc
1031 781 1254 823 volumine
1292 794 1456 835 ponam
1489 794 1575 835 que
1611 792 1830 834 nusquam

282 858 428 911 posita
459 862 525 897 est
557 854 703 896 adhuc
735 854 778 894 in
811 867 898 894 uno
931 851 1156 894 volumine
1192 865 1275 893 nec·
1310 858 1484 892 tantum
1518 851 1575 893 de
1608 855 1832 905 potestate

283 926 502 981 sapiencie
539 924 803 967 naturalium
841 923 1057 977 scriptum
1097 928 1163 963 est
1197 921 1342 962 adhuc
1385 921 1429 961 in
1465 920 1670 962 omnibus
1698 919 1832 969 -libris
1852 936 1892 958 10

284 996 558 1044 Latinorum,
596 994 800 1048 quamvis
838 992 987 1034 Latini
1029 991 1251 1045 sapientes
1287 990 1371 1033 hoc
1412 991 1530 1045 apud
1567 1004 1613 1031 se
1654 989 1831 1044 experti

284 1072 398 1114 sunt,
434 1065 536 1107 licet
577 1064 774 1105 nondum
817 1063 980 1116 scripta
1019 1076 1149 1117 super
1182 1061 1268 1102 hiis
1301 1074 1567 1115 componere
1602 1059 1831 1101 voluerint.

289 1136 423 1177 Sicud
456 1135 590 1189 igitur
620 1135 676 1175 ad
715 1134 1029 1188 compendium
1067 1132 1331 1187 congregavi
1362 1132 1452 1172 vim
1483 1136 1527 1171 et
1563 1135 1830 1184 potestatem

285 1206 573 1248 scienciarum
589 1204 1019 1253 mathematicarum‚
1034 1203 1239 1244 resecatis
1257 1201 1638 1257 superfluitatibus
1651 1198 1831 1241 infinitis

284 1282 328 1316 et
355 1275 518 1317 additis
544 1288 630 1328 que
656 1274 820 1316 omissa
851 1273 1021 1315 fuerant
1048 1274 1104 1315 ab
1135 1272 1357 1327 antiquis:
1393 1272 1454 1312 sic
1486 1271 1529 1312 in
1559 1269 1832 1312 naturalibus
1853 1287 1892 1318 15

284 1345 536 1398 procedam,
582 1344 686 1398 quia
735 1357 823 1384 non
876 1350 942 1384 est
990 1356 1202 1396 magnum
1244 1343 1287 1382 in
1327 1342 1480 1396 paucis
1526 1340 1713 1391 effluere,
1764 1345 1831 1381 set

284 1414 472 1468 plurima
494 1414 760 1469 compendio
784 1413 1012 1455 moderari.
1075 1412 1331 1467 Temptabo
1354 1411 1488 1467 igitur
1506 1411 1620 1452 vires
1636 1423 1757 1452 meas
1774 1409 1830 1450 ad

284 1483 367 1525 hoc
398 1490 577 1538 tempus
609 1483 926 1537 compendioso
955 1489 1162 1532 tractatu,
1196 1488 1244 1523 ut
1275 1483 1310 1524 si
1344 1495 1522 1523 necesse
1555 1481 1683 1522 fuerit
1721 1480 1830 1521 alias

259 1553 506 1607 ‚copiosius
553 1560 738 1595 tractem
783 1552 956 1606 singula
999 1559 1077 1594 aut
1113 1553 1233 1606 quod
1280 1551 1353 1592 alii
1399 1565 1478 1606 per
1519 1565 1590 1592 me
1633 1549 1830 1604 exciltati

286 1637 362 1676 per
394 1636 530 1676 opera
563 1637 660 1665 mea
693 1629 1039 1677 promoveantur
1069 1623 1125 1664 ad
1159 1622 1338 1676 majora.
1403 1621 1586 1663 Certum
1619 1627 1687 1662 est
1712 1619 1829 1661 enim
1852 1635 1894 1658 20

285 1694 406 1746 quod
429 1707 517 1735 non
539 1694 682 1735 solum
708 1693 782 1735 alii
805 1700 872 1735 set
896 1694 989 1747 ipse
1012 1693 1278 1734 Aristoteles
1301 1692 1442 1733 multa
1468 1697 1668 1746 respectu
1691 1689 1830 1732 nostri

285 1765 494 1818 temporis
527 1764 767 1806 cumulavit
800 1763 1030 1819 superflua.
1093 1764 1212 1805 Nam
1245 1764 1474 1805 descendit
1511 1763 1566 1804 ad
1600 1762 1830 1817 opiniones

286 1834 665 1889 philosophorum,
702 1847 788 1887 que
831 1834 931 1875 licet
970 1847 1051 1875 suo
1092 1841 1295 1887 tempore
1335 1833 1597 1874 videbantur
1643 1830 1830 1885 alicujus

287 1903 448 1945 valoris
465 1909 645 1958 propter
661 1904 905 1945 novitatem
922 1903 1348 1958 philosophancium,
1364 1916 1478 1944 nunc
1495 1909 1646 1944 tamen
1664 1901 1828 1943 stultis-

285 1973 395 2014 sime
414 1981 697 2027 reputantur3
730 1981 779 2014 ut
801 1987 956 2014 omnes
977 1974 1205 2028 opiniones
1229 1975 1284 2014 de
1306 1973 1467 2024 anima,
1489 1986 1622 2026 quam
1646 1972 1828 2026 quidam
1851 1984 1889 2016 25

282 2050 520 2097 posuerunt
543 2057 638 2085 esse
659 2043 840 2097 aliquod
864 2038 1196 2092 elementorum,
1210 2044 1390 2097 quidam
1409 2043 1628 2094 athomos,
1645 2042 1829 2097 quidam

283 2127 379 2155 esse
400 2114 671 2167 sanguinem,
693 2113 766 2155 alii
790 2127 1035 2165 numerum,
1059 2120 1103 2155 et
1126 2114 1187 2155 sic
1216 2114 1271 2155 de
1291 2113 1387 2155 aliis
1410 2112 1613 2155 stulticiis
1635 2110 1827 2153 infinitis.

287 2182 496 2224 Similiter
512 2184 568 2224 de
584 2183 791 2238 opinione
810 2183 1083 2225 Parmenidis
1100 2190 1144 2225 et
1164 2183 1345 2232 Melissi,
1363 2183 1438 2237 qui
1453 2183 1663 2224 dixerunt
1680 2181 1828 2222 omnia

283 2266 379 2293 esse
396 2266 531 2293 unum
548 2261 592 2295 et
614 2253 745 2301 idern,
768 2259 811 2294 et
833 2254 888 2294 de
911 2254 1118 2308 opinione
1142 2253 1387 2295 Democriti
1410 2254 1530 2307 quod
1552 2252 1700 2294 omnia
1718 2251 1827 2292 fiunt

287 2335 345 2362 ex
367 2323 557 2373 attomis,
578 2330 623 2364 et
643 2323 705 2364 sic
727 2324 784 2364 de
806 2323 1089 2376 opinionibus
1103 2323 1378 2378 Anaxagore
1401 2330 1445 2365 et
1469 2320 1757 2375 Empedoclis
1784 2326 1827 2361 et
1847 2333 1889 2363 30

284 2390 467 2432 aliorum
492 2405 577 2445 que
599 2393 733 2434 modo
757 2393 992 2434 ridiculose
1012 2393 1221 2434 videntur
1242 2400 1286 2433 et
1310 2393 1485 2444 inertes,
1505 2399 1550 2433 et
1570 2391 1639 2432 sic'
1654 2391 1711 2432 de
1731 2389 1826 2431 aliis

282 2473 393 2512 pene
416 2461 806 2503 innumerabilibus
828 2476 915 2515 que
937 2462 1206 2504 Aristoteles
1228 2463 1440 2505 recitabat
1460 2461 1575 2502 circa
1596 2459 1826 2514 opiniones

328 2561 339 2580 1
369 2550 460 2592 octo]
478 2553 553 2592 ipse
569 2551 605 2582 D
695 2553 797 2594 locis]
814 2554 886 2585 suis
903 2554 986 2585 locis
1004 2554 1037 2584 F
1131 2565 1151 2593 3
1177 2553 1371 2594 tractando]
1390 2553 1568 2584 recitando
1580 2550 1616 2582 D
1714 2561 1731 2590 7
1758 2556 1826 2582 ter-

282 2603 394 2643 reant]
413 2608 540 2636 terreat
556 2605 590 2635 F
691 2606 711 2635 8
736 2606 981 2648 scienciarum]
999 2607 1226 2638 scienciarurn
1244 2606 1446 2637 naturalium
1458 2604 1523 2636 FD
1631 2614 1654 2644 9
1677 2603 1824 2645 tantum]

282 2660 394 2686 tamen
413 2656 446 2685 F
563 2667 601 2688 12
626 2657 795 2697 nondum]
814 2660 951 2690 modum
968 2659 1001 2689 F
1087 2658 1276 2700 voluerint]
1295 2659 1474 2689 voluerunt
1490 2657 1555 2688 FD
1676 2657 1715 2687 18
1739 2666 1826 2688 com-

283 2708 449 2747 pcndioso
466 2720 535 2741 om.
552 2710 587 2740 D
687 2722 730 2742 20
753 2721 816 2751 per
832 2723 897 2742 om.
916 2712 949 2742 F
1043 2722 1080 2742 21
1108 2712 1164 2743 alii
1181 2711 1250 2753 set]
1269 2711 1344 2742 aliis
1360 2716 1412 2742 set
1429 2715 1462 2741 et
1481 2709 1516 2740 D
1604 2719 1644 2748 25
1669 2708 1823 2750 quidam]

283 2761 418 2799 quidem
436 2761 469 2790 F
641 2765 684 2794 26
708 2764 862 2805 quidam]
881 2764 1015 2804 quidam
1033 2775 1110 2796 esse
1129 2764 1194 2796 FD
1373 2764 1414 2794 28
1438 2763 1496 2803 qui
1514 2763 1674 2793 dixerunt
1687 2762 1783 2792 iterat
1796 2761 1829 2791 F

280 2823 319 2852 31
351 2814 451 2844 modo
469 2825 535 2846 om.
557 2815 590 2844 D
680 2816 825 2859 inertes]
844 2817 965 2848 inanes
981 2817 1046 2848 FD
1180 2827 1221 2857 32
1247 2815 1428 2857 recitabat]
1446 2815 1605 2855 reprobat
1622 2813 1685 2845 FD
