1934 3152
131 901 256 933 3122.

1016 68 1098 100 112

278 189 366 217 non
388 190 468 230 per
488 176 706 225 accidens,
725 180 773 215 ut
788 173 901 229 ignis
917 172 1054 214 habet
1070 171 1324 226 hujusmodi
1343 171 1610 226 principium
1626 177 1774 212 motus
1790 171 1834 213 in

278 260 325 288 se
352 260 440 300 quo
467 245 604 287 fertur
627 258 798 286 sursum
826 251 870 285 et
902 242 1090 297 quiescit
1116 243 1189 292 ibi,
1213 249 1258 284 et
1286 250 1403 285 terra
1423 236 1717 302 Vdeorsumjet
1748 241 1832 284 hoc

278 330 357 371 per
387 330 434 358 se
460 323 503 358 et
531 329 619 357 non
653 329 731 369 per
763 313 982 363 accidens,
1004 313 1117 354 sicut
1148 313 1311 355 accidit
1343 313 1519 354 medico
1550 311 1673 367 quod
1706 317 1834 353 sanet

277 386 484 441 seipsum,
507 386 550 426 in
574 386 672 440 ipso
698 385 815 426 enim
843 390 911 425 est
941 383 1207 438 principium
1240 389 1388 425 motus
1414 383 1632 436 sanitatis,
1652 381 1833 431 scilicet,

276 470 346 498 ars
380 456 598 497 medicine
630 468 717 509 que
747 459 876 495 sanat
908 467 1024 502 eum,
1056 459 1122 495 set
1152 452 1238 495 hoc
1269 459 1337 495 est
1369 467 1446 508 per
1483 452 1696 504 accidens,
1729 452 1834 507 quia
1854 471 1872 503 5

275 540 365 568 non
386 532 566 567 sanatur
587 525 631 566 in
654 530 872 578 quantum
895 529 962 565 est
985 523 1194 573 medicus,
1219 530 1287 565 set
1313 524 1357 564 in
1384 529 1602 578 quantum
1625 529 1693 564 est
1715 521 1832 564 infir-

277 611 387 646 mus,
410 609 491 638 nec
513 601 640 637 sanat
663 595 707 636 in
734 601 950 648 quantum
981 593 1192 645 infirmus,
1213 600 1282 635 set
1309 593 1352 635 in
1379 600 1595 648 quantum
1622 593 1832 634 medicus.

278 667 330 707 In
354 667 451 720 ipso
478 666 612 720 igitur
638 664 813 706 infirmo
841 678 929 706 non
961 671 1028 706 est
1060 663 1326 718 principium
1355 663 1557 705 sanitatis
1586 661 1765 714 factum,
1787 663 1831 703 in

275 742 491 790 quantum
516 735 716 777 infirmus
738 742 814 777 est.
880 734 1151 789 Principium
1182 734 1315 789 igitur
1346 741 1493 776 motus
1515 733 1572 775 ad
1594 732 1833 775 sanitatem

274 820 362 848 non
386 812 452 848 est
473 806 516 847 in
540 806 717 848 infirmo
739 819 817 861 per
839 820 902 856 se,
923 812 991 847 set
1015 818 1095 859 per
1116 804 1333 854 accidens,
1356 809 1400 845 et
1427 811 1606 859 propter
1627 803 1713 852 hoc
1743 816 1830 844 non
1855 821 1895 844 10

275 883 341 918 est
370 876 431 918 ibi
453 883 624 918 natura.
652 873 659 932 Ι
738 876 912 918 Natura
942 875 1061 916 enim
1092 881 1158 916 est
1184 873 1449 929 principium
1483 879 1631 915 motus
1653 873 1697 914 in
1720 870 1835 915 alico

273 948 316 988 in
347 961 438 1001 quo
467 954 534 989 est
560 960 638 1002 per
665 959 712 987 se
739 952 784 988 et
815 959 905 987 non
938 958 1016 999 per
1047 944 1265 997 accidens,
1287 951 1331 986 et
1360 944 1461 985 ideo
1491 944 1536 985 in
1569 944 1744 986 medico
1771 943 1832 985 sic

272 1024 454 1073 curante
495 1031 544 1059 se
586 1023 654 1058 est
692 1030 763 1058 ars
805 1021 850 1058 et
896 1029 988 1057 non
1029 1021 1200 1057 natura.
1289 1013 1504 1056 Similiter
1541 1013 1680 1056 lectus
1713 1014 1832 1056 cadit

273 1088 495 1139 deorsum,
532 1093 578 1129 et
621 1100 709 1128 non
751 1084 1013 1127 naturaliter
1053 1085 1172 1126 unde
1214 1084 1355 1126 lectus
1397 1091 1464 1126 set
1507 1085 1626 1126 unde
1661 1084 1831 1139 lignum

273 1157 396 1211 quod
432 1163 499 1199 est
541 1170 677 1212 grave
711 1163 754 1197 et
788 1170 857 1197 res
895 1155 1136 1204 naturalis;
1178 1154 1315 1196 lectus
1347 1155 1465 1196 enim
1497 1161 1564 1197 est
1595 1168 1663 1196 res
1693 1153 1830 1198 artifi-
1853 1172 1892 1205 15

272 1227 407 1278 ciaHs,
445 1233 490 1268 et
532 1227 635 1269 ideo
677 1241 755 1281 per
790 1226 996 1268 accidens
1039 1225 1174 1266 habet
1212 1225 1478 1279 principium
1510 1231 1657 1267 motus
1690 1225 1733 1266 in
1770 1238 1828 1267 se.

272 1297 530 1339 Videndum
546 1303 612 1339 est
627 1297 761 1353 igitur
775 1296 1003 1350 quomodo
1021 1301 1180 1337 natura
1195 1296 1414 1351 reperitur
1436 1296 1480 1336 in
1502 1296 1623 1337 omni
1647 1301 1771 1338 motu
1785 1302 1832 1338 et

274 1368 424 1422 quiete
446 1381 591 1409 rerum
615 1367 895 1408 naturalium.
961 1365 1013 1406 In
1039 1372 1164 1408 motu
1186 1380 1291 1407 vero
1322 1365 1626 1421 generacionis
1652 1364 1831 1408 difficile

274 1444 341 1479 est
373 1437 608 1492 assignare,
632 1450 737 1478 nam
770 1435 1043 1478 Aristoteles
1075 1435 1170 1477 vult
1202 1437 1322 1490 quod
1355 1450 1571 1491 generans
1602 1442 1668 1478 est
1700 1442 1829 1478 extra

274 1508 519 1558 materiam,
543 1514 587 1549 et
611 1506 796 1547 materia
822 1512 889 1546 est
914 1504 1168 1547 substancia
1190 1505 1232 1546 iu
1260 1506 1466 1560 potencia
1494 1506 1744 1561 composita
1771 1519 1829 1547 ex
1850 1523 1891 1545 20

273 1577 459 1619 materia
480 1576 703 1619 communi
725 1584 768 1617 et
790 1575 932 1617 forma
954 1575 1193 1625 communi,
1215 1589 1403 1629 quarum
1431 1583 1588 1618 neutra
1615 1583 1682 1618 est
1707 1576 1828 1632 prin-

271 1648 435 1702 cipium
469 1654 616 1689 motus
649 1645 873 1695 efficiens;
910 1651 954 1686 et
981 1645 1076 1699 jam
1108 1644 1344 1699 probatum
1378 1653 1443 1688 est
1475 1647 1675 1701 superius
1706 1647 1828 1701 quod

275 1717 460 1759 materia
493 1730 581 1758 non
618 1716 756 1757 habet
792 1716 836 1756 in
873 1728 921 1756 se
955 1714 1137 1769 aliquod
1180 1714 1444 1770 principium
1489 1716 1739 1758 effectivum
1783 1723 1828 1759 et

273 1787 664 1829 transmutativum
706 1786 784 1827 sed
835 1785 1145 1839 appetitivum,
1191 1786 1309 1826 unde
1359 1786 1535 1840 appetit
1586 1787 1826 1828 terminum

272 1857 576 1914 generacionis
613 1855 944 1912 completivum,
980 1855 1092 1897 sicut
1128 1855 1286 1897 mulier
1322 1856 1465 1897 virum
1500 1863 1545 1898 et
1580 1863 1709 1912 turpe
1746 1858 1826 1899 bo-
1847 1873 1886 1906 ²5

271 1942 390 1978 num,
413 1934 457 1970 et
478 1928 538 1968 sic
564 1933 630 1969 est
661 1925 926 1982 principium
951 1932 1097 1967 motus
1125 1926 1239 1967 intra
1272 1940 1349 1980 per
1374 1927 1622 1981 appetitum
1645 1934 1824 1970 natura-

271 1998 360 2040 lem
384 1997 542 2040 fortem
570 2011 661 2051 quo
694 1995 915 2038 desiderat
941 1995 1166 2050 compleri,
1187 2003 1230 2043 et
1253 1995 1377 2037 aliter
1406 2003 1520 2039 esset
1542 1997 1759 2039 violencia
1781 1997 1824 2038 in

270 2069 574 2122 generacione‚
603 2073 647 2108 et
673 2080 763 2108 non
792 2072 906 2107 esset
938 2065 1172 2119 generacio
1203 2066 1428 2117 naturalis,
1451 2067 1556 2121 quia
1576 2067 1824 2109 violentum

270 2145 336 2180 est
364 2138 488 2193 cujus
519 2137 787 2193 principium
814 2143 878 2177 est
908 2142 1049 2186 extra,
1076 2148 1164 2176 non
1196 2136 1450 2178 conferente
1470 2137 1560 2178 vim
1593 2151 1726 2192 passo
1756 2142 1824 2179 set

271 2222 460 2263 passum.
518 2208 606 2249 Hic
639 2208 758 2262 quod
791 2213 857 2248 est
890 2205 1072 2248 materia
1104 2205 1274 2247 confert
1294 2206 1385 2248 vim
1415 2207 1708 2262 appetitivam
1738 2206 1824 2249 sor·
1844 2222 1886 2255 30

273 2285 364 2320 tem
390 2292 479 2333 qua
507 2278 661 2319 obedit
689 2277 853 2332 agenti,
879 2281 923 2318 et
945 2276 1048 2318 facit
1070 2289 1115 2316 se
1137 2275 1332 2317 habilem
1360 2283 1409 2318 ut
1440 2283 1755 2332 promoveatur
1780 2278 1823 2319 in

274 2348 666 2404 complementum,
688 2361 775 2388 non
802 2347 936 2402 igitur
964 2352 1031 2388 est
1062 2345 1245 2387 materia
1277 2346 1538 2402 principium
1571 2346 1823 2389 effectivum

274 2418 572 2472 generacionis
586 2424 630 2459 et
647 2416 956 2471 corrupcionis‚
971 2422 1037 2458 set
1054 2415 1365 2470 appetitivum,
1380 2423 1428 2458 ut
1443 2431 1547 2472 sepe
1561 2417 1728 2459 dictum
1742 2423 1819 2460 est.

322 2548 362 2577 19
384 2539 612 2569 Aristoteles
628 2535 731 2577 vult]
749 2535 852 2576 Phys.
870 2536 902 2575 8,
921 2545 949 2567 c.
969 2544 1010 2575 57
1030 2546 1038 2574 ;
1062 2534 1140 2566 Met.
1161 2544 1190 2573 7.
1209 2535 1262 2566 28.

317 2626 338 2655 6
361 2631 415 2656 est
431 2625 605 2667 infirmus]
630 2625 788 2656 infirmus
805 2623 840 2655 D
973 2625 993 2655 8
1016 2623 1137 2665 igitur]
1156 2623 1247 2654 enim
1264 2623 1299 2654 D
1433 2624 1575 2666 sactum]
1593 2624 1754 2656 factivum
1771 2625 1819 2656 F:

269 2678 417 2709 activum
449 2678 484 2708 D
621 2688 662 2709 10
685 2683 719 2708 et
751 2688 818 2709 om.
853 2676 889 2707 D
1008 2676 1092 2718 hoc]
1123 2677 1188 2708 hoc
1222 2677 1314 2716 quod
1347 2676 1380 2707 D
1517 2687 1555 2708 12
1580 2676 1651 2718 est]
1684 2688 1750 2709 om.
1785 2677 1821 2709 D

272 2739 310 2768 14
335 2729 384 2771 et]
403 2735 456 2762 set
471 2730 537 2762 FD
652 2741 692 2771 19
715 2730 771 2763 alt.
791 2730 861 2772 est]
879 2730 924 2761 sit
939 2729 975 2760 D
1079 2740 1122 2761 20
1145 2729 1336 2770 materiam]
1354 2734 1509 2761 naturam
1526 2729 1562 2760 D
1665 2739 1707 2770 25
1731 2740 1820 2762 com·

267 2781 449 2822 pletivum]
469 2782 677 2823 completum
693 2781 759 2813 FD
877 2782 918 2812 28
943 2781 1127 2822 generacio
1144 2792 1211 2816 om.
1229 2780 1294 2812 FD
1406 2791 1448 2822 29
1470 2781 1556 2823 vim]
1574 2793 1641 2814 uno
1659 2782 1694 2813 D
