1934 3152
876 131 900 172 9

120 233 356 274 constituta
378 232 648 273 naturalibus
681 233 763 274 erit
795 233 907 274 inter
938 232 1158 273 naturales
1187 231 1516 284 comprehensa.
1580 230 1657 271 Set

121 309 277 344 octava
308 309 352 344 et
384 302 537 343 ultima
569 308 635 343 est
678 300 876 343 Sciencia
914 301 1302 355 Experimentalis‚
1336 314 1421 353 que
1464 313 1550 341 non
1592 307 1658 340 est

120 378 329 413 contenta
360 371 631 424 argumentis
662 385 741 412 nec
772 371 1059 425 experienciis
1087 369 1404 412 universalibus
1436 375 1480 410 et
1512 369 1655 421 inper-

118 441 254 489 fectis,
277 442 389 482 sicut
411 441 596 482 sciencie
618 441 839 481 naturales
861 441 1038 495 priores,
1059 446 1125 481 set
1148 440 1323 494 plenam
1347 438 1655 480 certitudinem

80 532 96 562 5
118 511 285 553 inducit
307 525 364 552 ex
386 509 658 564 perfeccione
687 511 975 564 experiencie,
998 517 1041 551 et
1070 509 1280 551 certificat
1303 508 1458 549 ultima
1479 507 1656 549 certitu-

116 581 218 622 dine
239 581 387 622 omnia
411 594 497 635 que
524 580 566 621 in
598 580 681 621 hoc
710 580 877 621 mundo
903 580 1193 622 continentur.
1259 578 1375 619 Nam
1405 584 1450 618 et
1478 575 1657 618 celestia

117 649 419 691 et‘celestium
456 650 739 704 operaciones
773 656 817 691 et
849 649 1015 702 judicia
1049 662 1191 690 rerum
1225 647 1491 689 naturalium
1525 646 1655 700 longe

116 720 281 761 cercius
303 733 435 773 quam
462 720 731 760 astronomia
759 719 1005 773 investigat,
1027 720 1140 760 sicut
1164 717 1449 759 Ptholomeus
1479 716 1521 756 in
1543 715 1656 756 libro

115 789 184 830 De
222 788 499 843 disposicione
533 788 664 842 §pere
697 790 841 840 docet,
877 796 922 830 et
952 802 1107 830 omnes
1144 786 1449 829 conclusiones
1489 785 1657 826 nobiles

58 876 96 898 ιο
114 858 299 900 aliarum
321 858 605 900 scienciarum
628 859 794 900 cercius
817 857 1081 909 manifestat,
1103 864 1148 899 et
1172 857 1298 898 addit
1323 855 1430 897 alias
1447 855 1654 896 veritates

116 927 369 982 magnificas
411 927 455 968 in
496 928 674 983 propria
717 928 927 976 doctrina,
971 934 1016 969 et
1056 941 1190 980 opera
1222 926 1442 980 sapiencie
1483 923 1654 966 occulta

114 998 309 1039 rimatur.
374 995 507 1039 Unde
538 999 650 1040 sicut
679 1004 813 1039 nauta
839 997 1024 1052 precipit
1053 995 1347 1050 carpentatori
1374 1001 1422 1035 ut
1453 994 1584 1035 faciat
1616 994 1653 1035 ei

114 1081 270 1108 navem
313 1080 401 1120 qua
441 1073 617 1118 utatur;
662 1067 721 1108 sic
763 1067 843 1109 hec
884 1067 1071 1109 sciencia
1107 1065 1293 1120 precipit
1329 1064 1423 1106 aliis
1460 1063 1655 1105 scienciis

113 1137 347 1190 operativis
369 1143 417 1177 ut
439 1137 601 1178 faciant
629 1137 667 1177 ei
690 1151 825 1191 opera
853 1143 897 1178 et
922 1137 1216 1177 instrumenta
1240 1135 1463 1188 sapiencie
1492 1133 1654 1187 quibus

55 1224 92 1255 15
114 1213 274 1248 utatur.
352 1206 483 1248 Unde
514 1207 699 1261 precipit
727 1211 953 1260 geometre
981 1211 1028 1246 ut
1056 1205 1190 1247 faciat
1215 1205 1297 1246 sibi
1330 1203 1556 1258 speculum
1591 1203 1653 1244 sic

84 1306 86 1310 v
113 1274 350 1329 figuratum
385 1283 433 1317 ut
464 1289 616 1317 omnes
648 1276 755 1317 radii
787 1274 891 1317 solis
914 1276 1121 1317 cadentes
1154 1275 1197 1315 in
1232 1274 1340 1316 illud
1372 1272 1654 1314 reflectantur

95 1346 169 1389 ad
202 1346 319 1387 idem
352 1352 565 1399 punctum
599 1347 641 1386 in
673 1346 794 1387 omni
833 1345 1049 1386 distancia
1081 1358 1215 1398 quam
1247 1342 1464 1392 volumus,
1496 1348 1543 1383 ut
1576 1355 1654 1396 per

112 1415 195 1456 hoc
229 1414 461 1457 artificium
498 1415 875 1469 experimentator
911 1415 1142 1456 comburat
1180 1427 1312 1455 omne
1342 1411 1653 1454 combustibile

111 1483 269 1532 subito,
291 1491 335 1526 et
367 1499 499 1526 omne
531 1485 759 1527 metallum
790 1485 946 1534 solvat,
969 1490 1014 1525 et
1045 1497 1224 1525 omnem
1257 1482 1449 1536 lapidem
1479 1482 1522 1522 in
1554 1481 1652 1535 pul-

51 1571 92 1593 20
110 1567 255 1594 verem
288 1560 332 1596 et
364 1554 527 1596 calcem
560 1555 745 1608 redigat,
769 1568 847 1608 per
869 1553 1198 1595 multitudinem
1230 1559 1274 1594 et
1303 1552 1654 1607 magnitudinem

110 1623 389 1678 speculorum
442 1626 499 1666 ad
556 1626 742 1666 eandem
795 1624 1057 1666 distanciam
1109 1624 1482 1666 comburencium.
1575 1621 1653 1664 Set

110 1693 242 1747 longe
263 1694 430 1748 majora
451 1694 678 1736 adinvenit
707 1694 787 1736 hec
810 1694 1010 1743 sciencia,
1036 1694 1246 1747 quoniam
1270 1693 1452 1734 rimatur
1474 1705 1651 1733 omnem

109 1769 265 1805 nature
301 1770 569 1817 potestatem
607 1770 651 1805 et
684 1765 845 1805 artium
879 1763 1163 1818 magnalium,
1199 1769 1244 1804 et
1275 1762 1478 1803 extendit
1513 1775 1560 1802 se
1596 1761 1653 1802 ad

108 1832 523 1888 consideralcionem
556 1834 826 1887 magicarum
858 1834 1030 1882 artium,
1057 1833 1169 1874 sicut
1204 1832 1374 1886 Logica
1405 1831 1654 1873 considerat
1674 1852 1691 1883 3
1709 1854 1728 1874 a
1747 1853 1774 1876 2.

51 1919 88 1950 25
109 1901 401 1956 sophisticum
432 1910 755 1956 argumentum,
784 1909 831 1944 ut
859 1903 1002 1944 omnis
1034 1901 1200 1944 falsitas
1230 1908 1274 1943 et
1307 1914 1426 1942 error
1454 1901 1496 1941 in
1524 1902 1654 1942 rebus

110 1979 153 2013 et
182 1972 387 2026 operibus
415 1972 676 2024 destruatur,
698 1980 744 2015 et
768 1973 862 2014 sola
890 1980 1042 2014 nature
1064 1979 1108 2014 et
1130 1972 1236 2014 artis
1258 1972 1418 2013 veritas
1440 1977 1653 2013 teneatur.

170 2039 240 2084 Sic
269 2056 374 2097 ergo
402 2056 553 2097 grosso
586 2044 720 2085 modo
752 2043 938 2097 exposui
970 2043 1179 2084 sciencias
1212 2048 1314 2084 octo
1342 2042 1574 2092 naturales,
1597 2043 1653 2083 de

109 2124 295 2165 quarum
325 2119 481 2154 natura
515 2119 559 2154 et
587 2112 928 2166 proprietatibus
954 2120 999 2155 et
1029 2112 1214 2153 aliarum
1238 2111 1525 2153 scienciarum
1557 2125 1650 2152 ma-

109 2194 245 2235 gnum
268 2183 495 2235 composui
525 2189 763 2224 tractatum
784 2183 827 2223 in
856 2182 1159 2237 Metaphisica,
1181 2183 1305 2237 cujus
1330 2182 1557 2236 proprium
1586 2189 1652 2224 est

50 2273 92 2304 30
109 2251 381 2305 distinguere
410 2251 416 2307 Ι
442 2265 594 2294 omnes
615 2252 835 2303 sciencias,
849 2259 893 2294 et
917 2253 1023 2294 dare
1044 2253 1265 2294 racionem
1288 2250 1578 2293 universalem
1595 2252 1651 2293 de
1671 2262 1708 2293 F.
1728 2263 1768 2303 85
1787 2274 1805 2294 a
1825 2273 1852 2294 2.

109 2321 331 2372 omnibus,
350 2322 455 2375 quia
485 2328 551 2364 est
583 2323 828 2363 communis
859 2323 1065 2364 omnibus
1092 2322 1221 2364 rebus
1255 2328 1298 2363 et
1324 2321 1524 2363 scienciis
1550 2335 1649 2377 spe-

109 2390 305 2440 cialibus,
328 2399 372 2433 et
399 2393 441 2432 in
464 2406 620 2433 omnes
648 2406 773 2434 suam
796 2392 939 2434 influit
961 2399 1243 2446 potestatem.
1305 2390 1386 2433 Set
1413 2397 1649 2445 postquam

109 2461 225 2502 racio
246 2461 535 2503 scienciarum
558 2469 682 2516 patet
705 2462 748 2503 in
772 2462 1005 2504 universali
1024 2477 1102 2517 per
1120 2461 1460 2516 Metaphisicam
1484 2462 1650 2504 debent

120 2570 122 2572 ’
155 2580 169 2600 1
198 2570 386 2611 naturales]
404 2570 576 2602 naturales
591 2570 757 2602 sciencias
774 2571 839 2602 FD
1107 2581 1128 2611 3
1153 2581 1215 2602 nec
1233 2596 1240 2602 .
1259 2595 1266 2602 .
1283 2595 1291 2603 .
1310 2571 1510 2611 inperfectis
1525 2582 1591 2604 om.
1612 2572 1654 2603 M

108 2631 128 2662 5
151 2622 299 2664 inducit]
319 2623 436 2654 mundi
453 2623 488 2654 D
579 2623 785 2655 certitudine
801 2634 869 2655 om.
887 2623 923 2654 D
1035 2625 1057 2655 6
1080 2623 1163 2665 que]
1180 2634 1314 2664 queque
1330 2624 1365 2654 F
1474 2634 1513 2656 10
1536 2625 1648 2667 addit]

107 2675 284 2706 addiditF
358 2685 397 2714 14
421 2675 622 2717 operativis]
641 2676 792 2716 operatis
804 2675 840 2706 D
921 2676 1059 2718 saciant]
1078 2676 1179 2708 faciat
1195 2676 1270 2707 MD
1356 2677 1395 2706 16
1417 2675 1515 2718 illud]
1533 2676 1654 2708 illisM

110 2728 150 2757 18
172 2727 363 2770 comburat]
382 2728 558 2759 comburet
574 2728 609 2758 D
770 2739 813 2759 20
836 2728 979 2770 calcem]
996 2729 1030 2759 in
1048 2728 1174 2760 calcem
1190 2728 1226 2758 D
1389 2738 1431 2760 22
1454 2729 1648 2771 adinvenit]

107 2779 260 2818 adjunxit
277 2779 313 2810 D
407 2790 448 2820 23
472 2785 507 2812 et
524 2780 696 2821 extendit]
715 2781 873 2811 extendit
889 2781 923 2811 F
1022 2790 1062 2820 25
1085 2781 1211 2822 omnis]
1228 2781 1279 2812 eis
1294 2781 1330 2812 D
1433 2784 1476 2813 26
1499 2787 1533 2813 et
1549 2782 1649 2824 artis]

106 2832 188 2863 artis
205 2832 240 2863 D
351 2842 392 2872 27
417 2838 496 2864 octo
513 2833 704 2874 naturales]
722 2834 902 2872 generales
919 2833 954 2864 D
1065 2844 1108 2873 29
1132 2833 1182 2875 in]
1201 2835 1243 2865 de
1260 2834 1295 2864 D
1406 2845 1448 2874 32
1464 2835 1497 2865 in
1515 2845 1580 2866 om.
1602 2835 1637 2865 D
