1934 3152
828 142 879 184 79

86 244 267 285 materia
290 257 369 285 sua
392 251 436 285 et
459 243 600 285 forma
622 258 700 286 sua
726 259 813 287 non
837 253 1006 300 ponunt
1033 246 1075 286 in
1099 259 1344 296 numerum,
1366 247 1427 288 sic
1451 254 1516 289 est
1541 263 1625 290 una

85 313 279 366 privacio
300 314 547 368 composita
577 329 633 355 ex
657 315 829 356 duabus
859 315 1182 369 privacionibus
1209 316 1392 356 materie
1414 324 1458 358 et
1487 317 1625 359 forme

86 383 210 425 istius
231 383 481 437 compositi,
503 390 546 425 et
568 384 753 426 debetur
770 384 839 426 isti
862 385 1110 440 composito
1127 400 1227 428 cum
1249 400 1337 440 qua
1353 387 1624 440 privaciones

87 452 298 506 parciales
325 451 332 509 Ι
358 467 446 494 non
468 459 638 507 ponunt
662 453 704 494 in
728 468 972 496 numerum.
1018 455 1077 496 Et
1095 456 1301 509 privacio‚
1320 470 1406 510 que
1427 462 1493 498 est
1517 456 1624 498 illud
1646 466 1684 499 F.
1704 475 1739 508 91
1762 477 1781 497 a
1801 476 1827 498 1.

46 537 174 577 5quo
216 523 399 564 materia
440 524 651 578 expedite
687 526 860 578 appetit
905 525 1294 579 complementum,
1337 540 1424 567 non
1466 532 1532 568 est
1573 528 1627 569 de

85 593 337 645 substancia
373 594 572 647 principii
611 594 850 635 materialis
888 601 954 636 set
991 595 1084 648 ejus
1126 596 1343 645 accidens,
1378 597 1491 639 sicut
1531 597 1627 639 vult

84 662 388 716 Alpharabius
421 663 462 704 in
501 663 645 717 primo
679 663 790 705 libro
821 663 1136 706 commentarii
1164 665 1240 706 sui.
1304 666 1366 708 Et
1407 667 1450 707 in
1488 668 1626 709 tercio

85 732 190 774 dicit
212 732 296 775 hoc
327 747 546 787 expresse,
568 747 700 788 super
727 733 887 775 librum
920 733 1202 776 Plzz'sz'cormn
1230 735 1501 778 Aristotelis.
1564 736 1626 779 Et

85 803 164 843 hec
197 804 391 856 privacio
423 810 490 846 est
521 803 729 845 naturalis
764 804 968 856 potencia
997 805 1039 845 in
1074 806 1266 847 secunda
1303 806 1446 860 specie
1485 806 1625 860 quali-

25 883 65 904 10
85 873 200 923 tatis,
222 873 445 915 mediante
475 888 563 927 qua
594 880 700 927 apta
726 880 831 915 nata
860 880 926 916 est
957 875 1142 916 materia
1172 875 1393 926 naturalis,
1417 882 1460 916 et
1478 883 1625 930 potest

84 942 293 995 expedite
334 950 544 997 appetere
586 950 629 985 et
673 943 865 998 recipere
908 957 1036 985 suum
1086 945 1478 998 complementum,
1508 945 1624 987 scili-

83 1019 166 1062 cet,
193 1013 428 1053 terminum
464 1013 775 1067 generacionis.
839 1013 934 1054 Nec
968 1014 1065 1055 dico
1101 1015 1219 1067 quod
1255 1015 1310 1055 sit
1338 1014 1548 1056 naturalis
1580 1016 1623 1056 in

83 1083 287 1136 potencia
331 1082 435 1136 quia
479 1083 628 1136 dirigit
664 1083 894 1125 materiam
933 1090 977 1124 et
1019 1085 1202 1137 expedit
1247 1084 1288 1124 in
1323 1085 1624 1138 complemen-

84 1161 179 1194 tum
217 1161 260 1195 et
296 1153 628 1208 perfeccionem,
661 1160 705 1196 et
742 1154 842 1195 ideo
878 1167 966 1195 non
1005 1161 1071 1196 est
1106 1155 1310 1209 potencia
1344 1155 1529 1210 passiva,
1560 1162 1626 1197 set

25 1230 62 1261 15
83 1230 268 1265 vocatur
300 1224 457 1272 activa,
478 1224 684 1279 potencia
716 1224 832 1265 enim
864 1225 1036 1279 passiva
1072 1230 1138 1266 est
1172 1224 1433 1279 principium
1470 1239 1547 1280 per
1581 1239 1627 1267 se

84 1293 389 1347 corrupcionis,
435 1294 608 1344 scilicet,
654 1308 742 1348 quo
793 1300 940 1349 potest
986 1308 1053 1335 res
1100 1294 1333 1349 corrumpi,
1385 1300 1434 1335 ut
1479 1294 1625 1350 aliqua

83 1364 251 1417 species
269 1377 446 1418 presens
469 1364 510 1404 in
531 1363 744 1405 materiali
768 1363 979 1418 principio
1008 1363 1012 1419 Ι
1041 1369 1189 1418 potest
1211 1365 1430 1418 corrumpi
1453 1371 1498 1406 et
1519 1366 1624 1420 pati,
1646 1384 1682 1406 21
1702 1386 1721 1406 a
1741 1384 1768 1407 1.

84 1440 128 1474 et
150 1434 249 1475 ideo
275 1433 409 1475 habet
437 1434 698 1488 principium
728 1434 950 1489 passivum
980 1440 1024 1475 et
1051 1440 1117 1475 est
1146 1434 1351 1488 potencia
1377 1435 1553 1489 passiva
1579 1442 1624 1477 et

85 1504 127 1544 in
161 1504 366 1557 potencia
397 1504 620 1555 naturalis,
652 1518 739 1558 qua
781 1517 868 1545 non
902 1510 1050 1557 potest
1079 1504 1279 1545 resistere
1310 1506 1622 1559 corrumpenti,

24 1580 64 1602 ²0
85 1581 126 1616 et
167 1575 248 1616 hec
294 1575 499 1629 potencia
550 1575 713 1629 ubique
753 1575 972 1616 invenitur
1012 1575 1054 1615 in
1092 1575 1221 1616 rebus
1265 1575 1622 1629 corruptibilibus

82 1652 126 1686 et
149 1645 336 1686 debetur
367 1645 622 1699 compositis
653 1645 825 1686 racione
859 1645 1041 1685 materie
1073 1645 1274 1697 specifice
1306 1657 1392 1698 que
1424 1652 1490 1687 est
1519 1659 1620 1700 pars

82 1727 245 1765 eorum,
265 1715 538 1769 debeturque
560 1713 699 1755 forme
720 1713 920 1769 specifice
941 1728 1092 1755 eorum
1115 1714 1288 1755 racione
1306 1715 1487 1755 materie
1507 1715 1621 1769 ejus-

83 1785 199 1836 dem,
225 1785 342 1826 unde
378 1790 444 1826 est
483 1785 661 1839 propria
697 1785 843 1838 passio
875 1784 1058 1826 materie
1095 1782 1308 1838 specifice,
1331 1790 1398 1826 set
1431 1798 1519 1826 non
1553 1792 1620 1827 est

83 1855 162 1895 nisi
194 1854 237 1895 in
270 1854 640 1909 corruptibilibus,
672 1855 774 1909 quia
808 1855 851 1895 in
883 1855 1181 1896 subsistenciis
1214 1855 1618 1909 incorruptibilibus

23 1942 60 1973 25
82 1938 170 1966 non
193 1932 258 1966 est
280 1925 360 1966 hec
380 1925 586 1980 potencia
607 1925 791 1980 passiva,
814 1931 858 1966 et
880 1925 979 1965 ideo
1003 1937 1081 1964 nec
1104 1924 1146 1964 in
1167 1924 1380 1979 principio
1403 1926 1618 1968 materiali

82 1994 258 2036 radicali
281 2000 346 2036 est
368 1994 447 2036 hec
470 1996 675 2049 potencia
696 1995 880 2049 passiva,
896 1994 1103 2048 quoniam
1128 2008 1216 2035 non
1240 2001 1305 2036 est
1326 1995 1620 2050 corruptibile,

81 2065 181 2105 licet
202 2077 280 2119 per
300 2065 630 2119 corrupcionem
661 2066 836 2107 amittat
865 2065 1077 2106 terminos
1105 2065 1404 2118 generacionis
1429 2066 1618 2107 vicissim

82 2135 124 2174 in
156 2135 315 2188 quibus
346 2134 544 2176 terminis
575 2141 640 2176 est
665 2135 868 2189 potencia
900 2135 1085 2189 passiva.
1166 2135 1248 2176 Est
1276 2135 1407 2189 igitur
1429 2136 1620 2190 privacio

81 2205 282 2259 potencia
317 2205 472 2253 activa,
514 2212 580 2245 set
610 2205 813 2260 potencia
846 2206 990 2246 activa
1018 2211 1084 2246 est
1113 2218 1200 2245 non
1235 2205 1292 2246 ab
1327 2205 1474 2259 aliquo
1506 2214 1617 2257 actu,

22 2292 62 2323 30
83 2268 161 2314 nisi
193 2274 297 2327 quia
320 2274 541 2315 mediante
573 2287 624 2314 ea
654 2275 838 2316 materia
871 2275 1080 2328 expedite
1112 2276 1282 2329 appetit
1304 2289 1429 2316 suam
1451 2275 1619 2329 perfec-

86 2346 269 2386 cionem.
346 2344 477 2385 Unde
514 2358 604 2385 non
635 2352 702 2385 est
736 2345 940 2399 potencia
972 2344 1186 2385 efficiendi
1217 2351 1260 2386 et
1292 2347 1618 2388 transmutandi

82 2415 324 2459 materiam,
354 2419 420 2453 set
448 2428 534 2466 que
561 2414 733 2468 appetit
763 2421 806 2456 et
838 2414 1061 2455 mediante
1089 2428 1176 2468 qua
1203 2415 1413 2470 expedite
1444 2416 1616 2471 appetit

124 2542 144 2571 7
169 2528 442 2569 Alpharabius]
460 2539 518 2560 see
534 2533 626 2569 note,
648 2538 681 2568 p.
701 2537 752 2567 75.

93 2622 96 2625 Δ
130 2649 143 2669 1
170 2649 232 2670 sua
247 2649 315 2672 om.
334 2638 399 2669 FD
576 2646 595 2675 5
621 2635 778 2676 materia]
797 2635 937 2666 materia
956 2634 1117 2666 naturalis
1134 2634 1200 2665 FD
1375 2636 1396 2666 8
1421 2636 1484 2667 hoc
1504 2646 1571 2668 om.
1592 2636 1625 2667 F

81 2702 102 2732 9
125 2692 189 2723 hec
206 2703 271 2725 om.
292 2693 328 2723 D
444 2700 482 2720 10
506 2694 558 2719 est
575 2700 640 2720 om.
659 2688 694 2718 D
810 2689 849 2719 18
873 2686 1061 2729 passivum]
1079 2687 1246 2727 passionis
1262 2687 1297 2717 D
1412 2698 1455 2719 20
1479 2688 1620 2730 ubique]

81 2745 271 2786 ubicunque
287 2745 352 2776 FD
451 2754 489 2774 21
516 2741 730 2783 compositis]
747 2742 936 2781 composito
953 2741 987 2772 D
1077 2751 1119 2779 24
1143 2739 1394 2782 subsistenciis]
1413 2741 1621 2773 substanciis

82 2798 147 2828 FD
259 2800 301 2829 26
320 2803 373 2839 pr.
391 2797 460 2839 est]
479 2801 512 2828 et
529 2801 581 2827 est
598 2795 631 2825 F
759 2795 892 2836 passiva
918 2805 983 2825 om.
1003 2794 1067 2824 FD
1204 2804 1245 2833 29
1269 2797 1321 2824 est
1336 2803 1402 2824 non
1419 2793 1479 2836 ab]
1498 2805 1565 2826 non
1584 2795 1619 2825 D

85 2861 128 2890 30
151 2851 322 2882 mediante
339 2850 395 2891 ea]
415 2860 456 2881 m.
476 2860 518 2880 eo
535 2849 582 2879 F:
610 2859 676 2879 om.
698 2848 732 2878 D
835 2846 1013 2888 expedite]
1032 2847 1195 2888 specifice
1213 2846 1248 2876 D
