1934 3152
811 115 864 168 67

75 230 223 265 rantur
243 230 287 265 et
308 232 645 278 corrumpuntur
667 229 824 279 omnia,
841 236 889 270 ut
912 236 1048 284 patet.
1092 229 1228 286 Spere
1249 238 1396 273 autem
1420 232 1609 275 elemen-

73 300 232 344 torum,
246 293 345 336 licet
363 308 449 335 non
464 303 724 348 generentur
740 311 818 339 nec
836 307 1169 353 corrumpantur
1184 301 1420 342 secundum
1435 315 1480 342 se
1494 309 1611 344 totas

77 364 180 417 quia
212 370 356 405 create
381 361 387 419 Ι
417 364 606 415 fuerunt,
634 372 783 407 tamen
817 367 1037 410 elementa
1068 370 1149 411 sub
1185 370 1331 424 aliqua
1363 372 1611 424 quantitate
1632 380 1708 421 171)
1729 389 1755 410 1.

77 434 295 488 corrumpi
316 433 383 474 vel
413 436 609 488 generari
640 443 832 490 possunt,
855 438 993 479 eciam
1016 439 1059 479 in
1081 453 1127 481 se
1155 445 1199 481 et
1221 440 1264 480 in
1286 440 1424 494 speris
1445 440 1543 494 suis,
1567 446 1611 481 et

35 513 54 546 5
74 502 118 543 in
149 503 248 554 alio,
278 503 452 552 scilicet,
485 504 527 544 in
560 505 702 546 mixto
731 513 996 560 generantur
1026 515 1069 549 et
1101 515 1446 564 corrumpuntur,
1476 523 1610 563 quare

78 571 246 613 nullum
279 572 462 614 istorum
495 580 640 627 potest
673 590 767 616 esse
797 576 1042 630 subjectum
1075 579 1264 633 primum
1295 579 1608 634 generacionis‚

73 641 282 695 quoniam
319 649 554 696 postquam
587 644 813 698 quodlibet
844 660 994 688 eorum
1032 654 1096 689 est
1131 649 1394 702 generabile,
1429 662 1609 703 genera-

72 710 189 752 bitur
224 725 282 752 ex
318 710 403 752 alio
444 714 715 766 precedente.
779 715 899 769 Ergo
939 716 1045 758 illud
1082 717 1200 760 aliud
1237 724 1303 760 est
1338 719 1468 773 prius,
1504 732 1609 772 ergo

77 780 282 821 standum
316 786 382 821 est
412 782 469 822 ad
501 780 680 836 aliquod
711 784 828 838 prius
860 785 1077 828 elemento
1108 793 1152 829 et
1186 789 1338 838 mixto,
1370 788 1490 841 quod
1523 801 1609 828 non

16 867 56 889 10
75 850 155 890 erit
175 849 425 903 generabile
447 864 529 893 nec
552 854 840 908 corruptibile.
904 855 1127 910 Quoniam
1149 858 1182 898 si
1211 864 1322 898 esset
1347 857 1610 911 generabile,

73 926 354 974 generaretur
395 934 452 961 ex
494 921 580 962 alio
622 924 894 977 precedente,
938 931 982 967 et
1023 927 1081 966 sic
1121 927 1254 968 iretur
1294 927 1336 968 in
1378 926 1608 968 infinitum.

75 987 224 1042 Quare
254 990 484 1042 generacio
518 992 724 1032 naturalis
755 999 842 1034 stat
872 995 928 1035 ad
965 994 1143 1048 aliquod
1181 996 1486 1050 ingenerabile.
1549 997 1609 1038 Et

73 1059 174 1100 ideo
214 1059 479 1101 Aristoteles
516 1061 634 1112 dicit,
672 1063 812 1116 primo
844 1063 1135 1116 Pliz'sicorztm,
1172 1067 1289 1118 quod
1327 1068 1506 1108 materia
1543 1074 1608 1108 est

74 1128 379 1182 ingenerabilis
421 1135 464 1170 et
506 1131 854 1186 incorruptibiliS,
889 1140 933 1175 et
974 1135 1017 1174 in
1058 1140 1102 1176 2⁰
1132 1135 1447 1189 llffetlzaplzisice
1488 1137 1607 1190 quod

15 1217 53 1250 15
75 1203 141 1238 est
178 1205 327 1239 eterna
364 1205 407 1239 et
445 1199 801 1255 incorruptibilis,
834 1203 878 1243 id
915 1209 993 1251 est,
1029 1217 1116 1245 non
1153 1206 1291 1246 exivit
1328 1207 1371 1246 in
1407 1219 1500 1247 esse
1532 1220 1610 1260 per

75 1268 407 1320 generacionem
424 1274 468 1309 et
484 1271 773 1324 temporalem
788 1272 1142 1326 produccionem‚
1157 1281 1223 1315 set
1237 1288 1314 1328 per
1328 1276 1609 1326 creacionem‚

73 1350 158 1390 que
180 1351 266 1378 non
289 1337 338 1379 fit
361 1338 404 1378 in
433 1345 632 1393 tempore
654 1346 720 1380 set
744 1341 786 1380 in
810 1355 901 1392 evo,
923 1344 1043 1395 quod
1065 1349 1248 1385 vocatur
1278 1346 1396 1398 apud
1425 1358 1524 1385 eum
1549 1345 1608 1386 ibi

73 1413 117 1448 et
143 1407 186 1448 in
216 1408 328 1449 libro
351 1407 419 1449 De
445 1407 598 1450 causis
626 1411 833 1452 eternitas
863 1418 1020 1453 creata.
1095 1413 1207 1455 Cum
1238 1414 1370 1468 igitur
1401 1415 1606 1456 standum

76 1483 141 1518 est
183 1477 239 1518 ad
281 1476 462 1530 aliquod
499 1491 732 1520 commune
769 1479 987 1522 elemento
1024 1488 1068 1523 et
1105 1483 1260 1531 mixto,
1299 1490 1511 1537 tanquam
1549 1485 1603 1526 ad

14 1564 55 1586 20
75 1547 262 1600 primam
305 1546 498 1588 radicem
541 1549 849 1602 generacionis‚
890 1551 1097 1592 standum
1140 1558 1208 1594 est
1248 1554 1305 1594 ad
1347 1552 1430 1594 hoc
1471 1566 1608 1606 genus

77 1617 194 1670 quod
243 1623 309 1658 est
354 1617 607 1660 substancia
654 1633 863 1673 corporea
904 1634 992 1662 non
1034 1622 1218 1672 celestis,
1249 1623 1350 1676 quia
1381 1622 1510 1664 nichil
1543 1630 1608 1664 est

73 1685 327 1728 immediate
363 1700 597 1729 commune
629 1689 996 1742 corruptibilibus,
1026 1691 1105 1732 nisi
1141 1691 1240 1742 1106,
1274 1692 1482 1745 quoniam
1521 1691 1608 1733 ele-

73 1761 269 1796 mentum
299 1761 343 1796 et
375 1756 567 1797 mixtum
601 1765 701 1799 sunt
732 1758 875 1799 solum
904 1760 1202 1813 corruptibilia
1233 1767 1274 1801 et
1308 1767 1409 1802 sunt
1440 1762 1607 1816 species

72 1824 326 1866 immediate
354 1825 600 1867 dividentes
628 1827 711 1869 hoc
741 1841 889 1880 genus.
955 1828 1174 1880 Ceterum,
1200 1830 1235 1870 si
1266 1837 1498 1884 poneretur
1527 1830 1608 1872 hec

14 1910 52 1942 25
71 1893 199 1934 radix
225 1899 268 1935 et
311 1901 424 1935 esset
457 1894 637 1948 aliquod
670 1898 790 1950 prius
825 1897 868 1938 in
902 1897 1014 1940 linea
1052 1899 1317 1952 predicabili‚
1351 1906 1455 1941 tunc
1495 1908 1608 1942 esset

71 1975 228 2016 corpus
249 1963 319 2003 vel
350 1963 610 2006 substancia.
674 1965 753 2008 Set
780 1973 904 2022 patet
934 1982 990 2009 ex
1020 1969 1226 2021 predictis
1254 1969 1373 2023 quod
1404 1977 1606 2012 neutrum

72 2045 223 2072 eorum
242 2038 390 2086 potest
413 2046 512 2074 esse
534 2033 620 2076 hoc
641 2036 915 2091 principium,
938 2044 982 2078 et
1009 2038 1093 2079 hoc
1115 2038 1395 2080 manifestum
1424 2045 1490 2081 est
1519 2041 1606 2081 evi-

75 2102 238 2152 denter,
261 2102 469 2155 quoniam
498 2109 602 2144 tunc
625 2118 691 2146 res
713 2106 958 2160 significata
980 2120 1058 2160 per
1078 2108 1161 2150 hoc
1181 2121 1331 2162 genus,
1353 2109 1606 2150 substancia

75 2184 285 2224 corporea
307 2184 394 2211 non
417 2171 599 2224 celestis,
623 2182 736 2216 esset
763 2182 868 2217 tunc
896 2176 1156 2229 generabilis
1185 2191 1242 2218 ex
1272 2191 1464 2232 corpore.
1528 2177 1606 2220 Set

11 2257 54 2289 30
73 2252 295 2293 nunquam
333 2243 530 2294 generari
564 2249 711 2296 potest
737 2257 822 2285 una
847 2246 1011 2299 species
1040 2259 1118 2286 nec
1149 2247 1331 2300 produci
1359 2262 1416 2288 ex
1446 2261 1607 2302 genere

73 2310 152 2350 nisi
214 2318 520 2364 corrumpatur
568 2311 654 2353 alia
713 2314 879 2366 species
937 2328 1171 2368 coequeva,
1222 2317 1326 2369 quia
1374 2319 1605 2370 generacio

117 2428 156 2458 13
179 2421 300 2455 primo
317 2419 572 2460 Phisicorum]
590 2419 608 2451 l.
629 2419 649 2459 i,
670 2430 696 2452 c.
715 2422 767 2452 81.
833 2431 869 2459 14
893 2424 931 2452 2⁰
948 2422 1240 2465 Methaphisice]
1258 2423 1279 2454 1.
1298 2424 1331 2464 ii,
1350 2435 1378 2456 c.
1394 2436 1423 2464 7.
1488 2427 1527 2456 18
1551 2429 1606 2458 De

72 2471 220 2512 Gausis]
246 2481 342 2512 prop.
368 2481 419 2511 29.
479 2472 554 2504 The
577 2478 684 2504 terms
705 2474 858 2505 eternitas
873 2478 977 2505 creata
994 2485 1032 2506 or
1052 2486 1152 2506 evum
1174 2486 1232 2507 are
1254 2481 1314 2508 not
1335 2477 1368 2508 in
1391 2478 1448 2509 the
1471 2479 1605 2519 printed

9 2529 13 2533 '
69 2525 218 2557 version.

117 2624 130 2644 1
157 2615 270 2646 omnia
286 2626 351 2647 om.
370 2615 433 2646 FD
570 2625 588 2645 2
613 2615 709 2657 licet]
726 2616 805 2648 licet
821 2621 936 2647 autem
953 2617 988 2647 D
1127 2628 1147 2658 3
1170 2619 1374 2661 quantitate]
1393 2619 1554 2660 qualitate
1570 2620 1605 2651 D

71 2667 93 2696 6
116 2666 276 2709 istorum]
294 2667 426 2698 illorum
444 2667 478 2698 D
587 2669 730 2708 primurn
747 2679 812 2699 om.
831 2668 895 2699 FD
1029 2670 1050 2700 8
1073 2669 1138 2701 alio
1155 2681 1222 2703 om.
1240 2671 1275 2701 D
1406 2683 1428 2712 9
1449 2672 1605 2714 aliquod]

70 2719 160 2750 aliud
175 2719 238 2750 FD
343 2731 382 2761 19
407 2725 459 2752 est
474 2732 538 2752 om.
558 2720 591 2751 D
695 2731 736 2760 23
760 2726 839 2752 sunt
855 2721 983 2764 solum]
1000 2722 1069 2754 sint
1085 2722 1191 2754 solum
1207 2723 1240 2753 F
1335 2734 1376 2763 24
1398 2726 1603 2768 poneretur]

74 2777 337 2811 componeretur
350 2772 414 2803 FD
534 2783 575 2813 25
599 2773 754 2815 aliquod]
771 2773 860 2805 aliud
877 2774 940 2804 FD
1070 2785 1112 2814 29
1135 2779 1215 2807 tunc
1232 2786 1298 2807 om.
1316 2775 1382 2807 FD
1481 2778 1540 2820 ex]
1559 2790 1603 2810 ex

73 2822 131 2854 illo
148 2823 183 2854 D

799 2893 873 2924 F2
