1934 3152
824 136 898 180 ¹37

87 244 237 280 tatem.
301 237 379 280 Set
412 238 506 279 finis
539 239 657 293 cogit
691 240 919 282 materiam
950 241 1005 282 ad
1039 242 1134 291 hoc,
1169 247 1217 283 ut
1245 240 1386 283 elevet
1418 241 1626 284 humores

85 321 251 360 aqueos
283 307 338 348 ad
372 307 517 350 locum
553 308 760 363 frigidum
797 310 839 350 in
874 324 984 362 aere,
1011 317 1055 351 et
1083 317 1318 365 generetur
1355 311 1414 352 ibi
1450 318 1628 365 propter

87 376 371 431 frigiditatem
416 378 736 431 congelantem,
774 380 878 432 quia
923 380 1043 422 locus
1089 379 1161 422 ille
1203 387 1269 422 est
1311 379 1624 434 frigidissimus.

87 446 147 488 Et
171 446 272 488 licet
293 447 349 488 sit
373 446 433 488 sic
460 448 501 488 in
525 448 808 498 naturalibus,
831 449 949 501 quod
983 448 1080 489 finis
1113 450 1300 503 imponit
1323 450 1625 492 necessitatem

49 535 66 567 5
84 515 145 556 eis
174 529 261 569 que
292 524 394 557 sunt
424 516 466 556 in
496 516 640 568 finem,
664 531 751 559 non
773 525 921 559 tamen
944 519 1003 560 sic
1026 526 1092 560 est
1117 519 1158 560 in
1181 520 1459 561 doctrinis-et
1486 519 1625 560 scien-

82 583 273 636 cialibus,
297 599 400 626 nam
416 586 653 637 conclusio,
676 601 762 640 que
787 595 851 629 est
883 587 992 640 finis,
1014 601 1100 628 non
1124 588 1295 643 inponit
1317 590 1621 630 necessitatem

84 654 321 709 principiis,
351 661 417 696 set
452 669 476 696 e
512 669 720 698 converso
754 664 797 698 et
835 658 1137 698 necessitatem
1180 671 1463 699 communem
1502 665 1550 700 ut
1583 658 1625 699 in

88 724 206 764 omni
240 724 480 778 silogismo,
512 732 555 766 et
585 726 889 767 necessitatem
922 728 1090 769 essendi
1124 734 1173 769 ut
1209 728 1249 768 in
1281 728 1627 770 demonstrativa

83 792 336 847 sillogismo,
375 802 553 849 propter
592 795 709 836 enim
755 809 806 836 ea
847 810 932 850 que
974 797 1118 850 posita
1163 805 1263 839 sunt
1301 797 1342 838 in
1385 798 1617 851 premissis,

29 882 69 905 10
84 874 257 903 necesse
279 870 344 904 θεῖ
372 863 489 905 aliud
521 864 691 905 evenire
717 864 760 904 in
793 864 1084 906 conclusione.
1148 866 1207 907 Et
1237 867 1278 907 in
1311 866 1622 917 artificialibus,

85 931 289 973 ultimum
324 939 391 974 est
431 947 602 987 semper
643 934 846 988 primum,
877 934 961 976 hoc
1003 942 1068 976 θεῖ
1111 935 1252 989 ipsum
1294 935 1520 978 artificiale
1555 943 1622 978 est

85 1008 264 1056 propter
296 1015 445 1056 agens,
482 1016 614 1044 omne
657 1003 774 1045 enim
817 1017 952 1057 agens
990 1017 1066 1057 per
1107 1004 1377 1046 intellectum
1421 1013 1486 1047 est
1527 1005 1624 1046 finis

83 1084 259 1112 suarum
279 1072 590 1125 operacionum
608 1073 711 1126 quia
727 1079 906 1128 propter
927 1087 972 1114 se
989 1073 1091 1115 facit
1112 1087 1198 1115 non
1226 1082 1403 1129 propter
1424 1075 1556 1125 aliud,
1574 1081 1622 1116 ut

86 1139 209 1181 Deus
237 1148 302 1183 est
332 1141 427 1182 finis
456 1149 664 1195 creature,
685 1149 728 1183 et
758 1142 892 1183 homo
923 1142 1017 1183 finis
1045 1143 1243 1184 omnium
1275 1157 1361 1197 que
1383 1143 1497 1194 facit,
1520 1145 1623 1199 quia

28 1228 66 1261 15
84 1217 264 1264 propter
303 1224 350 1252 se
392 1210 510 1260 facit,
556 1211 657 1252 licet
696 1212 817 1253 Deus
865 1218 1043 1267 propter
1082 1212 1269 1266 gloriam
1313 1213 1502 1255 nominis
1542 1214 1621 1264 sui,

81 1279 257 1332 scilicet,
296 1287 345 1322 ut
377 1282 582 1322 ostendat
616 1281 796 1322 divicias
829 1281 1039 1323 bonitatis
1075 1296 1162 1332 sue,
1191 1283 1248 1323 ad
1282 1296 1415 1336 quarn
1448 1283 1622 1338 partici-

72 1349 275 1402 pandam
310 1348 409 1391 secit
443 1363 621 1392 omnem
654 1358 910 1402 creaturam,
941 1351 1184 1392 secundum
1217 1351 1452 1404 cujuslibet
1484 1352 1620 1406 possi—

83 1418 313 1469 bilitatem,
335 1419 469 1461 homo
499 1419 601 1461 facit
628 1420 780 1462 omnia
811 1426 993 1475 propter
1025 1420 1261 1462 utilitatem
1283 1435 1421 1471 suam,
1449 1429 1493 1464 et
1526 1422 1625 1464 ideo

84 1488 220 1529 homo
246 1488 348 1530 facit
370 1489 578 1530 virtutem
610 1490 820 1531 moralem
852 1497 1034 1544 propter
1065 1505 1123 1542 se,
1145 1491 1323 1542 scilicet,
1345 1498 1391 1532 ut
1423 1492 1625 1545 adquirat

29 1576 68 1599 20
85 1570 211 1599 suam
252 1557 519 1608 felicitatem,
551 1573 638 1613 que
679 1559 781 1613 quia
818 1572 906 1600 non
947 1559 996 1601 fit
1029 1560 1086 1601 ab
1123 1574 1191 1612 eo,
1224 1574 1304 1602 nec
1340 1574 1437 1602 eam
1472 1575 1549 1616 per
1579 1575 1626 1602 se

85 1627 300 1680 adquiret,
322 1634 388 1668 set
419 1629 555 1681 gratis
587 1629 716 1670 datur
745 1629 782 1670 ci
811 1643 837 1670 a
869 1630 980 1680 Deo,
1004 1629 1102 1671 ideo
1132 1629 1206 1670 illa
1239 1629 1412 1671 videtur
1442 1631 1625 1672 necessi-

84 1702 224 1737 tatem
256 1696 479 1750 imponere
509 1698 692 1747 homini,
721 1706 768 1740 ut
800 1699 899 1740 ideo
930 1699 1092 1740 habeat
1123 1699 1318 1740 animam
1348 1700 1625 1751 racionalem,

85 1779 171 1819 que
192 1773 259 1808 est
281 1773 386 1808 nata
407 1780 670 1821 cognoscere
697 1768 841 1809 Deum
872 1775 915 1809 et
944 1768 1139 1810 venerari
1165 1767 1370 1822 perfecte,
1392 1769 1434 1809 in
1465 1769 1624 1823 quibus

85 1835 226 1877 tribus
251 1837 451 1879 consistit
473 1835 670 1893 feJIicitas
693 1844 851 1879 eterna.
1645 1849 1685 1888 38
1703 1848 1724 1879 b
1744 1855 1770 1878 1.

133 1969 147 1990 1
173 1960 367 2002 materiam]
385 1966 540 1992 naturam
557 1962 592 1992 D
710 1962 761 2003 ut]
779 1963 869 2002 quod
886 1962 921 1993 D
1101 1973 1121 1993 2
1145 1964 1341 2004 generetur]
1359 1968 1546 2003 graventur
1562 1964 1626 1995 FD

87 2022 107 2051 3
130 2012 204 2054 ille]
223 2013 267 2044 ibi
284 2013 319 2043 D
531 2025 550 2053 4
575 2015 682 2055 quod]
700 2015 780 2055 quia
796 2015 829 2045 F
1039 2025 1058 2056 5
1082 2015 1334 2057 sciencialibus]
1352 2015 1574 2048 seminalibus
1591 2016 1626 2047 D

90 2074 129 2105 13
152 2065 231 2097 facit
248 2076 315 2098 om.
334 2065 374 2096 M
506 2076 548 2097 20
570 2066 683 2108 suam]
701 2067 846 2099 suturam
863 2066 929 2098 FD
1060 2078 1101 2099 22
1125 2069 1249 2100 habeat
1266 2078 1332 2100 om.
1349 2068 1384 2099 D

160 2905 186 2923 R.
202 2905 227 2923 B-
248 2905 267 2922 11
844 2890 872 2922 Ia
