1934 3152
146 1602 253 1641 32b1

1036 81 1117 121 116

299 193 564 250 principium
596 201 758 246 motus,
779 200 828 236 ut
850 194 893 236 in
923 194 1155 237 elementis
1183 201 1226 237 et
1250 194 1516 237 animalibus
1542 201 1586 238 et
1607 195 1715 249 celo,
1737 196 1850 240 sicut

299 264 526 319 Averroys
543 265 731 320 exponit
748 264 1041 307 Aristotelem
1062 265 1106 306 in
1124 265 1341 320 principio
1357 265 1538 307 secundi
1554 263 1850 310 th's'z’corum.

302 335 538 377 Elementa
565 335 682 376 enim
712 334 879 376 habent
909 335 1125 389 principia
1154 343 1299 378 motus
1329 326 1454 385 intra,
1478 350 1565 391 que
1593 344 1774 380 movent
1802 351 1851 379 se

298 405 355 446 ad
389 405 486 448 loca
518 404 748 455 naturalia,
778 418 866 459 que
898 410 1000 446 sunt
1031 405 1226 460 gravitas
1261 412 1305 448 et
1342 406 1498 448 levitas
1531 420 1697 460 eorum,
1731 408 1851 449 unde

296 475 394 529 ipsa
424 481 467 516 et
497 488 649 516 eorum
682 474 879 516 essencia
899 475 1043 529 gravis
1070 481 1114 516 et
1142 474 1250 517 levis
1281 480 1348 518 est
1379 475 1449 518 hie
1471 483 1642 528 natura,
1665 484 1850 531 possunt
1870 487 1888 520 5

299 546 415 586 enim
432 544 675 586 secundum
698 559 745 586 se
768 544 867 586 ferri
889 545 933 586 in
956 544 1052 586 loca
1074 558 1154 587 sua
1175 559 1276 587 cum
1299 559 1387 588 non
1411 546 1714 602 prohibentur,
1732 548 1851 590 unde

297 628 387 656 non
418 615 618 668 indigent
649 614 736 656 alio
769 621 956 667 motore‚
986 615 1097 656 sicut
1128 628 1208 657 nec
1241 615 1354 669 ignis
1390 615 1560 670 indiget
1593 622 1766 659 motore
1800 624 1850 660 ut

298 684 537 735 calefaciat,
559 698 639 739 per
669 699 717 727 se
746 685 863 726 enim
890 691 1039 739 potest
1068 685 1152 726 hoe
1174 684 1318 727 facere
1349 686 1384 727 si
1417 686 1649 728 materiam
1671 687 1850 739 habeat,

294 754 398 795 ideo
433 755 585 809 gravia
619 762 663 797 et
697 755 810 797 levia
842 762 1076 797 moventur
1107 769 1133 796 a
1165 761 1322 808 natura
1359 762 1403 797 et
1435 771 1461 798 a
1492 770 1552 808 se,
1584 763 1629 798 et
1660 771 1749 799 non
1781 765 1849 801 est

295 825 560 879 principium
583 832 731 867 motus
753 824 825 866 hic
847 832 1021 867 tantum
1043 826 1336 880 appetitivum
1359 826 1472 868 sicut
1498 826 1542 868 in
1564 829 1759 881 materia,
1780 835 1849 871 set
1870 838 1910 861 10

295 895 560 945 effectivum,
597 896 743 950 ipsum
786 896 903 937 enim
946 910 1079 950 grave
1121 896 1280 938 dividit
1323 896 1531 946 medium,
1568 903 1614 939 et
1656 897 1761 940 facit
1800 913 1848 941 se

295 967 502 1008 deorsum
535 980 594 1008 ex
626 966 802 1021 propria
832 966 1007 1008 virtute.
1070 965 1284 1008 Similiter
1313 966 1348 1007 si
1379 980 1468 1008 non
1503 973 1618 1009 esset
1640 968 1847 1011 resistens

293 1043 362 1077 set
413 1036 507 1078 sola
557 1036 776 1078 distancia
826 1037 922 1091 ejus
962 1050 989 1078 a
1028 1036 1127 1078 loco
1174 1050 1254 1078 suo
1301 1035 1465 1078 faceret
1515 1052 1564 1079 se
1608 1037 1651 1079 in
1701 1038 1846 1080 locum

293 1120 423 1147 suum
467 1121 525 1148 ex
566 1107 743 1162 propria
783 1107 957 1150 virtute.
1020 1108 1100 1150 Set
1141 1107 1221 1149 hec
1262 1105 1430 1148 habent
1472 1121 1629 1163 graves
1667 1108 1844 1151 dubita-

295 1176 441 1217 ciones
469 1184 653 1231 propter
679 1178 816 1219 verba
843 1177 1102 1220 Aristotelis
1130 1178 1174 1219 in
1205 1176 1249 1217 8ο
1269 1177 1562 1227 Plzz'sz'corzcvz,
1590 1184 1635 1220 et
1663 1183 1846 1234 propter
1866 1188 1904 1221 15

294 1246 436 1288 multa
466 1246 551 1288 alia
580 1247 636 1288 de
667 1247 828 1301 quibus
859 1262 1005 1290 sermo
1037 1248 1208 1302 plenius
1240 1247 1315 1289 fiet
1344 1261 1445 1289 cum
1478 1248 1845 1303 pervenietur'ad

293 1323 499 1370 quartum
518 1316 690 1368 librum,
709 1317 783 1359 ubi
801 1318 856 1360 de
872 1318 956 1360 hiis
972 1332 1059 1372 que
1076 1317 1358 1361 certificanda
1375 1325 1478 1359 sunt
1495 1319 1609 1360 circa
1624 1318 1844 1361 elementa

291 1386 517 1439 patefient.
577 1385 808 1428 Animalia
828 1402 932 1429 vero
955 1389 1085 1430 bruta
1111 1395 1348 1429 moventur
1369 1388 1640 1439 naturaliter,
1663 1396 1711 1431 ut
1741 1388 1843 1430 Ari-

292 1455 473 1498 stoteles
499 1457 606 1498 dicit
635 1456 678 1497 8ο
699 1457 992 1508 Plzisz'corum,
1016 1464 1059 1499 et
1081 1458 1228 1499 anima
1257 1464 1325 1499 est
1357 1458 1428 1500 hic
1449 1465 1605 1500 natura
1626 1472 1714 1513 que
1739 1458 1844 1502 facit

295 1533 466 1568 motum
489 1527 605 1570 hunc
627 1541 705 1581 per
727 1542 853 1569 suam
874 1528 1083 1569 virtutem
1105 1527 1352 1570 naturalem
1380 1534 1426 1570 et
1452 1541 1577 1570 suam
1600 1529 1838 1571 essenciam
1861 1543 1906 1564 20

292 1597 484 1639 activam
514 1597 557 1638 in
584 1611 744 1651 corpus
775 1597 779 1652 Ι
806 1603 850 1639 et
882 1597 986 1639 licet
1018 1597 1087 1639 hic
1116 1604 1263 1639 motus
1290 1597 1347 1639 sit
1374 1597 1662 1648 voluntarius,
1691 1605 1842 1641 tamen

290 1666 495 1709 voluntas
517 1667 702 1709 brutalis
720 1666 857 1708 fertur
881 1681 981 1709 cum
1002 1667 1208 1709 instinctu
1233 1667 1421 1709 naturali
1440 1674 1485 1708 et
1507 1668 1600 1709 sine
1623 1668 1839 1710 delibera-

289 1738 428 1790 cione,
444 1743 487 1778 et
500 1737 600 1780 ideo
617 1737 826 1779 naturalis
841 1744 907 1779 est
921 1738 990 1779 hic
1006 1744 1162 1778 motus.
1208 1737 1307 1778 Hec
1321 1744 1470 1779 tamen
1485 1737 1651 1780 habent
1665 1738 1839 1781 dubita-

290 1808 463 1849 cionem
497 1807 788 1863 multiplicem
819 1814 863 1850 et
896 1808 1093 1849 maxime
1123 1808 1166 1847 in
1197 1814 1319 1849 motu
1352 1807 1543 1849 hominis
1572 1809 1840 1862 processiVO.

291 1876 370 1919 Set
397 1878 440 1918 in
463 1878 619 1931 quinto
640 1877 754 1918 libro
777 1877 1010 1919 manifesta
1031 1883 1170 1918 erunt.
1235 1876 1427 1919 Celestia
1449 1891 1553 1919 vero
1577 1879 1840 1920 estimantur
1860 1895 1898 1927 25

288 1948 451 1989 habere
469 1948 733 2002 principium
756 1954 914 1998 motus,
932 1948 1051 2001 quod
1074 1954 1138 1988 est
1161 1953 1328 1996 natura,
1345 1961 1425 1988 suo
1449 1949 1594 2005 modo,
1613 1947 1838 2002 loquendo

289 2018 343 2058 de
380 2017 454 2059 illo
492 2024 615 2059 motu
650 2017 725 2072 qui
767 2024 833 2059 est
867 2017 980 2059 circa
1013 2022 1211 2066 centrum
1260 2018 1425 2068 mundi,
1462 2018 1539 2072 qui
1581 2024 1649 2060 est
1690 2023 1838 2059 motus

289 2088 536 2128 communis
568 2088 773 2129 omnibus
801 2087 1047 2136 celestibuS,
1078 2086 1190 2127 sicut
1220 2087 1336 2127 enim
1370 2085 1592 2129 elementa
1620 2094 1837 2142 appetunt

288 2158 454 2199 moveri
477 2173 502 2199 a
525 2158 683 2210 medio,
706 2164 755 2198 ut
781 2157 906 2208 levia,
929 2163 973 2197 et
996 2156 1051 2197 ad
1076 2156 1283 2205 medium,
1315 2163 1363 2198 ut
1391 2158 1569 2211 gravia;
1605 2157 1667 2199 sic
1692 2157 1835 2200 celum

288 2229 423 2268 fertur
454 2228 568 2270 circa
601 2228 797 2269 medium
821 2241 847 2268 a
869 2234 1025 2268 natura
1057 2239 1145 2276 sua,
1177 2226 1278 2267 licet
1311 2234 1458 2268 motus
1491 2227 1535 2268 in
1567 2228 1759 2282 epiciclis
1790 2234 1836 2269 et
1856 2246 1898 2278 30

287 2298 514 2339 ecentricis
547 2311 634 2339 non
667 2304 768 2338 sunt
800 2298 861 2337 ita
893 2295 1127 2346 naturales,
1159 2302 1226 2337 set
1266 2296 1501 2337 voluntarii
1544 2297 1699 2352 magis,
1731 2297 1834 2351 quia

285 2381 371 2408 non
404 2374 505 2408 sunt
542 2368 656 2408 circa
688 2373 886 2408 centrum
925 2365 1121 2407 naturale
1157 2367 1321 2416 mundi,
1355 2368 1433 2408 sed
1471 2373 1628 2420 postea
1660 2368 1717 2408 de
1751 2367 1834 2408 hiis

328 2475 346 2494 2
372 2464 578 2505 Averroys]
597 2475 625 2495 c.
645 2464 666 2505 i,
684 2475 765 2495 com.
988 2473 1028 2502 19
1051 2463 1087 2493 8⁰
1103 2461 1358 2503 Phisieorum]
1376 2463 1396 2494 l.
1414 2463 1482 2503 viii,
1504 2474 1532 2495 c.
1551 2474 1592 2503 27
1613 2462 1725 2504 ‘quod
1742 2464 1832 2495 enim

283 2522 441 2548 movetur
457 2528 500 2548 ex
518 2528 566 2556 se,
587 2522 743 2548 movetur
759 2516 959 2547 naturaliter
975 2539 982 2547 .
1004 2539 1012 2547 .
1034 2541 1041 2548 .
1056 2514 1064 2529 '

328 2611 348 2640 3
373 2600 561 2642 principia]
579 2601 782 2641 principium
800 2601 864 2630 FD
1047 2599 1128 2640 que]
1147 2610 1213 2639 qua
1229 2599 1262 2629 F
1478 2611 1497 2639 4
1523 2599 1614 2641 loca]
1633 2599 1709 2631 loca
1725 2611 1787 2632 sua
1804 2599 1838 2630 F

290 2666 305 2692 7
329 2655 412 2696 alio]
431 2656 516 2687 alico
534 2655 568 2686 D
692 2666 713 2695 9
738 2660 771 2686 et
789 2655 875 2695 non]
894 2666 958 2687 nec
977 2654 1039 2685 FD
1163 2664 1267 2693 12-14
1293 2654 1458 2685 Similiter
1476 2678 1483 2685 .
1505 2678 1513 2685 .
1535 2677 1542 2686 .
1560 2654 1687 2685 virtute
1704 2665 1772 2686 om.
1793 2653 1836 2685 M

291 2710 394 2745 14-18
420 2709 504 2740 Set.
525 2732 532 2740 .
554 2732 562 2739 .
579 2709 743 2749 patefient
760 2719 825 2738 om.
843 2707 876 2738 F
964 2718 1001 2747 17
1027 2705 1265 2748 certificanda]
1285 2707 1453 2738 certitudo
1470 2706 1506 2737 D
1596 2706 1702 2748 circa]
1719 2706 1832 2746 aliqua

287 2759 321 2790 D
454 2771 497 2791 20
520 2766 648 2792 motum
665 2761 754 2791 hunc
771 2771 838 2791 om.
854 2760 890 2790 D
1032 2770 1074 2800 23
1098 2764 1210 2790 tamen
1227 2769 1293 2790 om.
1311 2759 1346 2789 D
1488 2769 1530 2798 27
1555 2764 1666 2790 motus
1681 2769 1748 2790 om.
1766 2757 1832 2789 FD

286 2822 325 2851 31
353 2811 450 2854 sunt]
466 2814 536 2844 sint
550 2812 584 2844 F
668 2813 740 2855 set]
757 2813 844 2844 sicut
861 2812 896 2843 D
1029 2823 1071 2852 32
1095 2817 1215 2853 postea
1231 2822 1298 2843 om.
1317 2811 1382 2842 FD
