1934 3152
116 972 194 1004 20b
214 980 241 1004 2.

1006 73 1058 126 78

254 192 522 248 particulari,
559 198 602 233 et
640 190 886 246 specialiter
929 188 1298 230 considerandum
1341 195 1406 230 est
1448 190 1505 230 de
1545 188 1810 248 privacione,

255 270 299 305 et
337 263 552 318 potenciis
587 262 781 311 materie,
817 267 860 301 et
895 259 1144 301 racionibus
1185 259 1482 309 seminalibus,
1526 257 1685 313 quibus
1723 271 1812 299 non

255 332 398 374 solum
421 332 785 387 philosophantes
807 336 872 371 set
895 329 1092 383 theologi
1123 329 1314 370 multum
1340 336 1534 371 utuntur.
1598 329 1659 371 Et
1674 335 1810 384 'patet

256 403 375 457 quod
428 402 513 444 hoc
560 401 822 457 principium
868 399 1097 441 materiale
1138 405 1204 440 est
1241 400 1552 453 compositum,
1595 399 1699 453 quia
1744 405 1810 441 est

257 474 450 515 essencia
470 473 592 515 tercii
624 471 797 526 generis
820 471 862 511 in
887 469 1003 511 linea
1031 469 1380 524 compositorum
1403 484 1429 511 a
1459 470 1603 524 primo
1624 482 1808 525 genera·
1830 486 1848 519 5

256 543 422 585 lissimo
436 543 555 597 quod
575 549 641 584 est
658 541 969 595 compositum.
1025 539 1104 582 Set
1121 540 1414 595 compositum
1428 540 1563 582 habet
1581 540 1809 582 materiam

258 619 302 655 et
326 612 527 660 formam,
551 618 595 653 et
617 626 719 653 cum
742 611 826 652 hoc
849 611 1144 665 compositum
1167 611 1222 652 sit
1245 611 1438 664 quedam
1462 617 1620 652 natura
1643 611 1811 653 incom-

258 684 377 737 pleta
394 683 661 738 perficienda
679 697 757 737 per
774 682 1124 737 generacionem,
1139 681 1274 723 habet
1291 682 1479 723 formam
1498 681 1812 737 incompletam

259 762 303 795 et
346 754 575 795 materiam
619 753 949 806 incompletam,
982 766 1172 806 quorum
1204 752 1337 793 trium
1379 752 1611 805 quodlibet
1642 751 1814 807 appetit

259 824 469 879 compleri
493 838 570 879 per
587 824 939 878 generacionem.
994 822 1090 864 Nec
1112 829 1296 876 possunt
1314 823 1579 864 sufficienter
1600 821 1814 878 compleri

259 909 337 950 per
368 895 580 936 terminos
612 895 918 950 generacionis
942 893 1168 949 specificos
1199 894 1260 934 eis
1290 895 1605 949 respondentes
1635 898 1816 948 propter

262 965 621 1007 insufficienciam
644 965 820 1007 illorum
850 963 855 1020 Ι
883 965 1184 1013 terminorum,
1204 972 1247 1006 et
1270 964 1372 1006 ideo
1389 964 1471 1007 hec
1492 964 1576 1006 tria
1597 969 1815 1019 appetunt

262 1036 469 1078 continue
490 1035 600 1078 alios
621 1036 834 1077 terminos
856 1050 882 1077 a
904 1035 1182 1090 presentibus
1206 1049 1318 1088 quos
1340 1035 1506 1076 habent
1528 1034 1785 1076 contrarios.

324 1106 382 1148 Et
402 1106 630 1148 sciendum
652 1113 719 1147 est
741 1107 860 1159 quod
881 1106 1074 1160 privacio
1093 1112 1158 1146 est
1175 1104 1431 1159 hujusmodi
1448 1118 1536 1158 quo
1551 1104 1814 1159 principium

264 1176 490 1218 materiale
519 1183 596 1218 aut
633 1176 804 1230 appetit
847 1182 923 1218 aut
965 1176 1176 1230 expedite
1219 1182 1370 1229 potest
1406 1182 1629 1230 appetere.
1695 1174 1813 1215 Nam

263 1246 499 1300 dupliciter
541 1254 608 1288 est
649 1246 845 1301 privacio
888 1246 1187 1301 intelligenda,
1230 1260 1316 1287 uno
1359 1245 1493 1286 modo
1534 1245 1654 1299 quod
1698 1244 1816 1286 elicit

264 1323 413 1358 actum
446 1318 698 1371 appetendi,
737 1324 780 1358 et
811 1316 892 1358 hec
923 1323 989 1358 est
1022 1317 1213 1358 essencia
1246 1316 1448 1371 principii
1483 1315 1736 1366 materialis,
1768 1320 1817 1356 ut

265 1394 526 1440 exponetur,
547 1387 674 1429 aliter
695 1394 762 1429 est
790 1402 879 1442 quo
909 1388 1121 1441 expedite
1148 1394 1297 1441 potest
1319 1393 1542 1442 appetere,
1567 1393 1612 1429 et
1639 1386 1725 1428 hoc
1751 1391 1819 1428 est

265 1458 359 1511 ejus
382 1457 584 1499 accidens
607 1458 849 1511 proprium.
903 1458 963 1498 Et
993 1472 1018 1498 a
1040 1464 1166 1512 parte
1195 1458 1431 1511 cujuslibet
1462 1457 1647 1498 istorum
1669 1455 1817 1506 trium,

266 1527 444 1576 scilicet,
478 1527 711 1582 compositi
743 1527 1017 1582 incompleti,
1050 1534 1094 1568 et
1132 1527 1328 1578 materie,
1363 1534 1407 1568 et
1439 1526 1592 1577 forme,
1624 1526 1707 1567 erit
1738 1540 1817 1567 sua

268 1597 461 1651 privacio
485 1598 649 1648 innata,
674 1611 761 1652 qua
784 1597 946 1639 feratur
970 1597 1202 1651 quodlibet
1226 1598 1269 1638 in
1286 1597 1522 1638 terminum
1546 1610 1623 1637 sue
1645 1595 1814 1651 perfec-

269 1668 415 1709 cionis.
480 1667 540 1708 Et
566 1674 717 1708 tamen
735 1667 850 1709 sicut
868 1668 1012 1722 ipsum
1039 1667 1266 1708 materiale
1285 1666 1562 1720 principium,
1587 1665 1809 1720 principa-

270 1738 368 1778 liter
400 1737 634 1790 loquendo,
656 1743 723 1778 est
755 1751 903 1786 unum,
925 1738 1105 1787 scilicet,
1129 1736 1236 1778 illud
1270 1737 1570 1792 compositum
1602 1749 1701 1777 cum
1725 1749 1814 1790 quo

318 1868 330 1887 1
357 1857 568 1899 specialiter]
587 1857 782 1898 specialiter
798 1858 840 1889 ad
858 1857 893 1888 D
996 1869 1016 1888 2
1039 1857 1226 1899 potenciis]
1246 1857 1407 1898 potencia
1423 1856 1488 1887 FD
1578 1855 1818 1898 seminalibus]

270 1910 524 1941 seminabilibus
539 1910 573 1941 F
680 1920 700 1950 5
724 1910 851 1952 primo]
869 1921 998 1950 genere
1015 1911 1125 1954 primo
1144 1910 1178 1940 D
1280 1921 1301 1950 9
1326 1914 1360 1941 et
1378 1910 1558 1941 materiam
1574 1909 1817 1950 incompletam

271 1964 305 1994 it.
324 1962 356 1993 F
518 1974 556 2003 13
576 1967 652 2004 post
668 1964 858 1995 contrarios
874 1964 952 1995 llaec
972 1964 1069 1994 verba
1092 1963 1170 1995 add.
1187 1963 1253 1994 FD
1270 1964 1356 1995 Nam
1382 1963 1416 1993 in
1442 1962 1628 1993 celestibus
1652 1962 1819 1993 terminus

270 2016 399 2055 speciei
432 2016 583 2056 complet
614 2016 805 2056 appetitum
838 2015 978 2048 materie
1015 2022 1049 2048 et
1085 2016 1163 2047 ideo
1200 2027 1267 2049 non
1303 2016 1453 2047 ostendit
1493 2015 1657 2056 (complet
1688 2014 1740 2056 D)
1774 2015 1819 2046 ibi

270 2070 452 2108 generacio
487 2080 550 2100 nec
580 2069 762 2109 corrupcio
792 2069 857 2100 nisi
889 2073 1054 2109 quantum
1083 2070 1125 2100 ad
1156 2069 1372 2100 inssuenciam
1401 2068 1604 2109 specierum,
1631 2072 1666 2099 et
1691 2067 1740 2098 sic
1769 2067 1819 2098 in-

271 2122 436 2161 telligitur
453 2123 519 2154 iste
532 2131 645 2153 sermo
658 2121 828 2162 vulgatus,
842 2123 933 2162 quod
951 2122 1059 2153 forma
1076 2121 1109 2153 in
1123 2122 1308 2153 celestibus
1324 2121 1486 2152 terminat
1503 2124 1610 2152 totum
1629 2119 1819 2160 appetitum

273 2175 415 2206 materie
433 2176 464 2205 in
482 2174 700 2205 inferioribus
717 2185 942 2215 nequaquam.
992 2174 1069 2205 Non
1087 2175 1175 2206 enim
1194 2174 1396 2214 intelligitur
1413 2175 1455 2205 de
1475 2174 1582 2205 forma
1599 2183 1666 2213 que
1684 2172 1820 2214 perficit

272 2228 447 2258 materiam
466 2227 498 2257 in
516 2227 686 2267 principio
702 2227 868 2258 materiali
886 2227 1088 2268 composito,
1109 2227 1186 2266 quia
1204 2227 1260 2258 illa
1278 2226 1411 2267 perficit
1431 2225 1621 2267 appetitum
1637 2225 1711 2265 ejus
1727 2224 1820 2265 quod

273 2280 375 2310 habet
398 2284 555 2320 respectu
576 2280 669 2310 illius
689 2280 774 2311 sicut
797 2280 906 2311 omnis
928 2280 1038 2311 forma
1054 2280 1189 2320 perficit
1207 2280 1396 2320 appetitum
1413 2279 1567 2318 materie,
1586 2278 1759 2318 loquendo
1775 2278 1820 2309 de

273 2331 380 2363 forma
397 2337 431 2363 et
448 2333 600 2373 materia,
619 2343 685 2373 que
707 2337 787 2364 sunt
810 2333 917 2364 altera
939 2343 1018 2372 pars
1039 2332 1231 2373 compositi,
1252 2337 1288 2363 ut
1309 2332 1403 2372 prius
1425 2332 1584 2362 edoctum
1606 2331 1749 2371 <dictum
1765 2329 1818 2370 D)

274 2390 335 2415 est.
387 2386 448 2417 Set
464 2396 578 2417 sermo
596 2386 652 2417 hic
670 2385 873 2423 intelligitur
890 2386 933 2416 de
957 2385 1101 2416 materia
1118 2397 1123 2416 :
1153 2386 1219 2416 hoc
1236 2390 1289 2416 est
1308 2386 1350 2416 de
1368 2384 1584 2424 incompleto,
1604 2384 1695 2423 quod
1713 2388 1766 2415 est
1783 2384 1818 2414 in

273 2437 432 2476 potencia
449 2439 491 2469 ad
508 2439 810 2479 complementum,
829 2439 903 2470 sive
927 2438 969 2470 sit
991 2438 1132 2469 materia
1154 2439 1293 2478 generis
1315 2437 1386 2469 sive
1410 2437 1517 2468 forma
1540 2436 1613 2475 ejus
1634 2436 1707 2467 sive
1728 2445 1819 2467 com-

275 2490 431 2528 positum,
455 2501 522 2530 que
547 2491 689 2522 materia
713 2495 766 2521 est
791 2493 824 2521 in
850 2491 1007 2531 potencia
1031 2492 1072 2522 ad
1098 2491 1273 2522 materiam
1300 2491 1470 2531 (naturam
1490 2488 1538 2528 D)
1564 2488 1759 2528 specificam
1785 2493 1819 2520 et

275 2541 383 2572 forma
396 2543 438 2573 ad
456 2543 597 2573 formam
614 2548 648 2574 et
663 2543 889 2583 compositum
903 2545 945 2574 ad
963 2543 1189 2583 compositum
1207 2543 1416 2583 specificum,
1433 2547 1467 2573 et
1483 2541 1591 2571 forma
1608 2540 1662 2571 hic
1675 2546 1821 2573 vocatur

275 2594 414 2633 quilibet
432 2601 551 2626 natura
568 2596 729 2636 specifica
746 2596 788 2627 de
806 2597 888 2635 (om.
907 2596 954 2637 D)
974 2607 1040 2636 que
1058 2596 1114 2627 dat
1135 2595 1436 2635 complementum,
1454 2594 1525 2624 sive
1542 2593 1585 2624 sit
1608 2592 1715 2624 forma
1732 2604 1819 2634 pura

275 2646 389 2685 (plura
420 2646 468 2687 F)
503 2648 576 2678 sive
614 2647 755 2679 materia
795 2649 865 2679 sive
902 2648 1140 2688 (compositum
1182 2648 1229 2678 F»
1262 2647 1552 2687 complementum
1592 2646 1818 2687 (completum

270 2698 306 2728 D
324 2699 468 2740 ubique).
770 2710 808 2739 14
834 2701 876 2732 Et
894 2701 1069 2732 sciendum
1087 2706 1140 2731 est
1157 2701 1247 2740 quod
1266 2699 1432 2741 privacio]
1451 2699 1607 2730 Privacio
1624 2703 1737 2730 autem
1753 2699 1819 2729 FD

276 2760 312 2789 17
339 2750 419 2792 hec]
437 2752 500 2782 hoc
518 2752 553 2781 D
660 2753 699 2783 18
723 2752 777 2782 alt-
796 2758 847 2784 est
864 2764 932 2784 om.
951 2752 985 2783 F
1086 2763 1127 2793 19
1150 2754 1223 2791 ejus
1240 2751 1417 2793 accidens]
1435 2751 1587 2790 ejusdem
1606 2751 1641 2781 D
1707 2751 1819 2790 cujus·

272 2802 370 2844 libet]
388 2803 494 2834 eciam
512 2804 561 2835 F:
586 2815 652 2836 om.
671 2804 706 2835 D
850 2815 958 2844 22-23
983 2805 1218 2845 principaliter
1234 2804 1421 2846 loquendo]
1440 2805 1609 2844 loquendo
1626 2804 1674 2835 F:
1700 2815 1764 2836 om.
1783 2804 1818 2835 D

1836 837 1877 860 10

1838 1186 1876 1220 Ι5

1841 1539 1882 1561 20
