1934 3152
142 184 267 226 3622.

79 399 118 434 F.
137 398 217 441 94b
238 408 265 430 2.

155 2201 281 2242 36b1.

1020 64 1102 108 130

287 174 469 211 causato
500 168 505 225 Ι
532 176 579 210 ut
633 169 817 210 materia
859 175 902 210 et
946 168 1088 209 forma
1129 181 1229 209 cum
1271 168 1405 209 domo
1446 166 1516 209 vel
1549 181 1664 208 *cum
1717 167 1841 222 prole

287 246 523 294 generata3
572 246 637 281 set
675 252 808 294 agens
844 238 1112 293 particulare
1154 251 1242 279 non
1286 243 1436 278 manet
1478 236 1523 278 in
1565 243 1666 278 actu
1704 251 1841 292 agens

287 316 390 364 post
433 323 528 351 esse
562 310 635 361 rei,
669 314 716 350 ut
753 308 990 350 Policletus
1025 313 1264 362 postquam
1299 307 1421 349 facta*
1452 314 1519 348 est
1555 313 1716 359 statua,
1752 321 1840 350 non

288 389 353 421 est
376 393 513 434 agens
536 392 614 419 nec
638 393 770 420 causa
790 379 834 418 in
858 384 958 419 actu
983 383 1048 419 set
1067 377 1288 431 preterita,
1310 376 1392 418 fuit
1408 378 1525 418 enim
1542 365 1710 434 causa'l
1735 377 1841 431 ejus,

289 453 356 491 set
385 449 479 503 jam
501 462 591 489 non
614 455 690 498 est,
713 448 816 502 quia
840 461 927 488 non
955 453 1163 501 operatur
1186 448 1228 487 in
1251 454 1467 496 actu‚>nec
1489 454 1720 489 conservat
1749 462 1842 489 esse
1858 469 1877 500 5

289 526 448 570 statue,
470 531 550 559 nec
580 517 749 570 indiget
775 523 922 558 statua
955 529 1051 557 esse
1082 515 1294 566 Policleti,
1318 523 1360 557 et
1394 517 1428 557 si
1457 517 1672 558 moriatur
1696 516 1841 559 adhuc

289 595 435 631 statua
453 594 529 629 est.
573 586 788 629 Similiter
804 592 982 627 mortuo
1004 592 1129 639 patre
1147 585 1261 626 filius
1279 587 1520 627 secundum
1543 587 1842 628 substanciam

292 664 454 707 manet,
477 657 578 699 licet
607 670 694 698 non
720 657 762 697 in
792 657 966 698 racione
988 654 1077 706 filii,
1102 663 1169 697 set
1198 669 1333 710 agens
1365 655 1566 698 naturale
1599 656 1843 698 universale

291 734 443 770 manet
475 741 576 769 cum
610 733 835 781 generato,
858 733 906 767 ut
927 726 1066 767 virtus
1091 726 1172 766 celi
1201 739 1287 779 que
1318 727 1531 767 continue
1561 727 1769 780 recipitur
1798 727 1841 767 in

289 803 502 853 generato
524 797 580 838 ad
605 796 959 838 conservandum
983 809 1077 837 esse
1100 795 1209 848 ejus,
1232 794 1276 836 e't
1305 795 1406 837 ideo
1435 809 1570 850 agens
1598 795 1845 837 universale
1867 819 1908 841 ιο

290 875 356 910 est
379 881 554 921 semper
574 881 708 908 causa
732 867 775 906 in
803 873 905 907 actu
937 879 1086 919 agenS‚
1110 866 1144 905 si
1177 865 1361 906 effectus
1388 879 1492 907 suus
1519 872 1599 915 est,
1625 860 1756 907 et'sic
1788 866 1845 907 de

292 937 537 979 motoribus
582 936 789 987 celorum,
830 942 873 977 et
910 937 964 977 de
1005 949 1136 978 causa
1179 936 1320 988 prima
1356 936 1481 989 cujus
1515 936 1652 977 virtus
1690 937 1840 977 omnia

292 1014 531 1050 conservat.

338 1169 585 1225 Capitulum
610 1175 678 1223 3¹1¹.
739 1168 790 1209 de
811 1181 912 1208 casu
933 1173 976 1207 et
983 1167 1178 1221 fortuna
1198 1174 1240 1208 et
1259 1167 1505 1209 casualibus
1523 1175 1567 1210 et
1581 1170 1806 1224 fortuitis.

355 1279 667 1321 Determinato
700 1278 761 1318 sic
794 1278 850 1319 de
882 1275 1145 1318 differenciis
1179 1277 1498 1319 universalibus
1530 1292 1774 1330 causarum,
1802 1285 1846 1320 et
1867 1292 1908 1325 15

294 1352 413 1393 dicto
445 1350 565 1404 quod
596 1362 729 1391 causa
749 1348 941 1402 quedam
966 1354 1032 1388 est
1059 1361 1139 1401 per
1160 1361 1207 1388 56
1229 1354 1271 1388 et
1298 1348 1490 1401 quedam
1520 1363 1598 1403 per
1629 1349 1846 1399 accidens,

293 1421 498 1462 volumus
521 1420 591 1461 hic
613 1419 819 1474 prosequi
843 1419 953 1459 duas
975 1431 1130 1458 causas
1154 1432 1230 1471 per
1252 1418 1466 1469 accidens,
1485 1433 1571 1473 que
1595 1427 1700 1461 sunt
1722 1433 1848 1462 casus

294 1498 339 1533 et
362 1490 549 1540 fortuna,
568 1504 653 1543 que
672 1502 877 1543 magnam
896 1487 1060 1528 habent
1077 1488 1398 1530 difficultatem.
1452 1489 1692 1532 Sciendum
1715 1490 1848 1544 igitur

297 1561 418 1615 quod
453 1573 579 1602 casus
608 1566 652 1600 et
680 1559 855 1600 fortuna
884 1564 1213 1612 cognoscuntur
1244 1572 1320 1612 per
1352 1558 1545 1600 casualia
1577 1567 1622 1601 et
1653 1559 1846 1602 fortuita.

299 1633 469 1675 Omnes
507 1631 624 1671 enim
658 1630 797 1670 sciunt
829 1629 948 1682 quod
985 1627 1124 1668 multa
1161 1635 1262 1669 sunt
1299 1628 1490 1670 casualia
1524 1636 1567 1670 et
1596 1629 1736 1671 multa
1761 1630 1849 1672 for-
1869 1643 1910 1665 20

297 1703 424 1751 tuita‚
453 1707 502 1742 ut
536 1705 690 1741 sextus
717 1699 884 1752 digitus
916 1697 1104 1739 casualis
1138 1703 1204 1738 est
1238 1698 1341 1751 quia
1378 1706 1524 1752 preter
1553 1699 1847 1742 intencionem

298 1778 454 1814 nature
476 1776 568 1820 est3
600 1777 757 1811 natura
784 1768 900 1809 enim
932 1781 1019 1808 non
1050 1768 1239 1808 intendit
1272 1768 1352 1809 nisi
1385 1769 1578 1824 quinque
1605 1769 1782 1824 digitos,
1805 1776 1849 1811 et

299 1843 420 1897 quod
442 1847 587 1895 preter
609 1839 902 1881 intencionem
925 1844 1081 1878 nature
1103 1838 1275 1891 agentis
1298 1839 1459 1880 accidit
1480 1839 1639 1881 dicitur
1661 1840 1848 1890 casuale,

300 1920 344 1954 et
378 1912 478 1953 ideo
514 1910 607 1964 ejus
641 1923 773 1950 causa
811 1915 877 1950 est
915 1922 1053 1958 casus.
1129 1908 1381 1949 Fortuitum
1422 1915 1488 1950 est
1524 1910 1646 1964 quod
1685 1910 1846 1952 accidit

299 1990 447 2038 preter
469 1980 764 2021 intencionem
797 1979 969 2032 agentis
996 1992 1053 2019 ex
1078 1977 1310 2019 voluntate
1336 1985 1380 2019 et
1407 1979 1639 2033 pro‘posito
1669 1987 1718 2022 ut
1747 1993 1847 2022 cum
1870 1993 1909 2026 25
1933 2003 1934 2006 =

300 2053 459 2106 aliquis
483 2050 594 2092 fodit
616 2057 779 2091 terram
803 2055 983 2103 propter
1006 2062 1167 2102 aquam
1191 2047 1235 2088 e't
1258 2049 1422 2089 invenit
1449 2049 1734 2099 thesaurum3
1766 2049 1851 2091 hoc

301 2123 431 2174 enim,
453 2134 553 2162 cum
576 2120 630 2160 sit
653 2126 799 2173 preter
820 2118 1116 2160 intencionem
1139 2118 1362 2168 fodientis,
1381 2125 1448 2160 est
1472 2119 1701 2160 fortuitum
1725 2120 1850 2173 cujus

302 2205 436 2233 causa
464 2197 531 2231 est
559 2189 747 2239 fortuna,
773 2188 778 2243 Ι
809 2203 834 2229 a
860 2202 948 2242 qua
970 2188 1129 2229 dicitur
1151 2188 1396 2230 fortuitum.
1451 2189 1511 2230 Et
1533 2190 1634 2231 ideo
1657 2203 1784 2232 casus
1807 2196 1850 2231 et

303 2262 476 2304 casuale
510 2261 686 2314 proprie
716 2266 895 2314 sumpta
924 2259 967 2299 in
995 2257 1267 2300 naturalibus
1292 2265 1405 2305 sunt,
1431 2258 1675 2315 fortunaet
1696 2259 1851 2302 fortui-

303 2340 398 2373 tum
424 2333 465 2372 in
481 2330 752 2379 voluntariis,
770 2329 973 2383 quamvis
999 2342 1099 2369 curn
1122 2327 1218 2368 aliis
1240 2327 1362 2381 large
1377 2335 1578 2370 sumatur
1599 2330 1656 2370 ad
1675 2335 1851 2370 natura·
1870 2341 1913 2372 30

303 2402 361 2443 lia
384 2409 427 2442 et
449 2401 711 2450 voluntaria,
733 2400 849 2441 unde
871 2413 996 2440 casus
1018 2406 1082 2440 est
1105 2398 1380 2452 equivocum.
1445 2397 1655 2440 Secundo
1675 2405 1851 2453 oportet

304 2486 383 2512 nos
406 2472 515 2512 scire
538 2469 711 2512 casuale
733 2477 776 2510 et
799 2469 1028 2510 fortuitum
1052 2469 1191 2522 magis
1214 2468 1257 2508 in
1279 2468 1545 2522 particulari.
1610 2468 1849 2510 Sciendum

305 2542 438 2594 igitur
469 2542 589 2595 quod
622 2541 814 2594 quedam
843 2546 946 2580 sunt
972 2552 1147 2593 semper
1172 2553 1229 2579 ex
1256 2538 1345 2579 suis
1371 2538 1528 2588 causis,
1550 2538 1742 2592 quedam
1767 2538 1850 2580 fre-

351 2675 365 2696 1
392 2665 446 2707 ut]
464 2670 498 2696 et
515 2665 560 2696 F:
595 2666 687 2696 unde
704 2665 739 2695 D
920 2665 941 2695 6
965 2663 1016 2705 et]
1034 2669 1087 2694 set
1104 2663 1168 2694 FD
1353 2664 1418 2702 8-9
1432 2663 1511 2694 licet
1529 2687 1535 2694 .
1556 2688 1562 2694 .
1579 2688 1586 2695 .
1604 2669 1717 2694 manet
1732 2674 1798 2695 om.
1816 2663 1851 2694 D

308 2727 344 2749 11
370 2728 472 2749 causa
489 2729 556 2749 om.
576 2717 609 2747 D
777 2727 814 2756 17
839 2716 1011 2757 volumus]
1029 2717 1106 2747 volo
1122 2716 1187 2746 FD
1292 2716 1377 2747 duas
1393 2725 1458 2746 om.
1478 2715 1512 2745 D
1675 2726 1718 2746 20
1741 2715 1849 2757 quod]

305 2771 395 2810 quod
412 2770 558 2802 casualia
574 2770 609 2800 D
744 2780 785 2808 24
812 2768 1018 2810 Fortuitum]
1038 2769 1210 2800 Fortuitus
1227 2767 1259 2798 F
1388 2778 1431 2808 30
1454 2767 1545 2809 aliis]
1563 2768 1675 2800 causis
1693 2767 1728 2799 D
