1934 3152
832 159 885 202 39

82 259 328 302 tificacione
360 260 485 302 istius
517 259 813 302 dubitacionis
845 268 890 303 et
921 260 1120 303 aliarum.
1185 258 1263 302 Set
1289 259 1391 313 quia
1417 261 1474 301 ab
1507 262 1624 302 omni

82 337 247 385 puncto
288 329 522 384 cujuslibet
564 330 702 385 partis
745 331 881 384 ipsius
923 330 1261 385 multiplicitatis
1292 329 1535 383 specierum
1580 330 1620 370 in

82 400 275 441 medium
298 405 464 441 exeunt
486 400 594 441 radii
617 399 774 441 infiniti
805 399 808 455 Ι
838 399 939 442 licet
968 413 1055 442 una
1083 400 1139 441 sit
1167 397 1538 453 perpendicularis
1567 400 1620 440 ad
1646 412 1683 433 10
1703 405 1722 435 b
1741 414 1768 436 2.

81 469 204 510 illum
237 474 463 523 punctum,
486 469 587 510 ideo
615 469 672 511 ab
701 469 857 511 eadem
888 470 993 510 base
1024 468 1351 523 multiplicitate
1380 468 1624 523 specierum

42 558 60 591 5
81 538 191 580 fiunt
215 539 380 580 infinite
397 539 637 594 piramides
654 539 877 580 breviores
895 545 938 581 et
954 538 1175 593 longiores
1192 538 1248 580 ad
1267 537 1439 579 infinita
1460 544 1625 592 puncta

81 610 212 651 medii
232 623 241 660 ;
274 609 392 650 basis
414 609 548 663 igitur
569 607 804 663 cujuslibet
825 609 1052 663 piramidis
1074 615 1141 650 est
1170 607 1419 663 superficies
1441 607 1626 661 agentis,

81 687 124 721 et
146 692 283 721 conus
305 679 423 720 cadit
453 679 496 721 in
518 678 700 733 aliquod
727 685 940 733 punctum
969 678 1115 731 medii,
1138 685 1182 720 et
1210 678 1272 721 sic
1300 683 1449 733 potest
1477 692 1503 719 a
1530 684 1626 719 tota

78 747 305 803 superficie
340 750 512 804 agentis
544 749 711 803 species
742 749 892 790 venire
922 749 978 790 ad
1009 747 1182 803 singula
1213 754 1376 803 puncta
1416 747 1626 801 pacientis

79 833 156 874 per
192 818 433 873 piramides
466 819 603 860 eciam
640 818 843 869 infinitas,
878 824 925 858 ut
962 824 1086 871 patet
1120 817 1163 858 in
1197 817 1351 873 figura.
1411 817 1542 864 Nam,
1576 824 1624 857 ut

22 905 61 929 10
79 889 247 930 dictum
281 895 361 940 est,
397 902 423 930 a
464 888 664 943 quolibet
706 895 872 943 puncto
916 887 1128 941 pacientis
1162 887 1273 929 fiunt
1308 887 1416 929 radii
1454 886 1624 937 infiniti,

79 965 123 1000 et
144 964 329 1014 possunt
346 958 590 1000 combinari
608 957 832 1006 infinicies‚
849 965 898 999 ut
920 957 1026 999 fiant

79 1029 315 1083 piramides
337 1027 517 1081 infinite,
536 1041 722 1082 quarum
739 1028 938 1069 omnium
962 1034 1027 1068 est

77 1112 166 1140 una
207 1099 333 1150 basis,
373 1099 553 1148 scilicet,
593 1097 843 1153 superficies
884 1097 1027 1139 tocius

78 1169 278 1223 agentis;
319 1175 362 1210 et
389 1170 444 1210 ad
477 1169 720 1222 quamlibet
748 1173 920 1222 partem
950 1181 1027 1221 pa·

20 1253 58 1289 15
79 1238 233 1281 cientis
255 1239 374 1280 venit
397 1252 509 1279 unus
539 1252 675 1280 conus
699 1239 826 1279 unius
849 1237 1025 1292 pirami-

79 1309 158 1366 dis,
187 1316 236 1350 ut
261 1308 397 1350 virtus
423 1309 572 1350 veniat
602 1323 628 1349 a
657 1313 752 1349 toto
781 1314 940 1361 agente
969 1308 1024 1349 ad

77 1378 323 1433 quemlibet
358 1384 572 1432 punctum
605 1377 830 1433 pacientis,
864 1385 907 1418 et
939 1390 1025 1418 non

77 1449 135 1491 ab
163 1448 313 1502 aliqua
341 1455 466 1503 parte
489 1448 796 1498 determinata,
818 1447 1026 1501 quatinus

77 1519 213 1560 virtus
260 1519 483 1572 completa
527 1517 753 1572 perveniat
799 1524 896 1559 tota
937 1529 1024 1557 non

19 1609 59 1632 20
78 1587 281 1643 parcialis
323 1593 368 1630 et
409 1587 657 1642 inperfecta,
696 1593 746 1629 ut
786 1586 864 1627 fiat
902 1586 1024 1628 accio

76 1657 310 1713 completa,
323 1657 426 1711 quia
442 1664 600 1699 natura
613 1656 716 1699 facit
732 1657 852 1711 quod
869 1655 1024 1697 melius

76 1733 157 1779 est,
178 1734 222 1769 et
245 1734 394 1769 tamen
411 1742 437 1769 a
453 1727 653 1781 quolibet
669 1733 836 1781 puncto
853 1726 1024 1780 agentis

1295 998 1430 1024 ΡΑοιεΝε

1301 1760 1410 1786 ΑΘΕΝΞ

76 1796 190 1840 fiunt
218 1797 483 1853 pyramides,
504 1810 691 1852 quarum
717 1796 816 1838 coni
847 1802 949 1837 sunt
981 1796 1023 1836 in
1295 1826 1376 1857 Fre.
1396 1825 1424 1857 8.

76 1867 260 1921 singulis
287 1868 462 1921 punctis
487 1868 669 1922 agentis,
693 1873 736 1908 et
767 1867 894 1908 bases
923 1873 1024 1907 sunt

18 1958 57 1992 25
77 1937 119 1978 in
152 1937 336 1979 diversis
368 1937 567 1990 partibus
599 1937 745 1985 medii,
779 1944 827 1978 ut
864 1937 908 1977 in
942 1935 1243 1990 protraccione
1280 1931 1451 1986 figurali
1485 1930 1621 1972 mani-

76 2005 238 2048 festum
262 2012 327 2048 est
350 2006 529 2049 cuilibet
551 2007 853 2060 protractanti.

140 2144 388 2199 Capitulum
430 2151 498 2199 3¹1¹.
571 2143 623 2186 de
656 2143 972 2197 specialioribus
1013 2138 1442 2195 multiplicacionibzcs
1476 2151 1623 2179 sccun-

75 2214 181 2268 dum
192 2214 384 2270 figuras.

137 2295 299 2337 Adhuc
322 2294 677 2350 subjungendum
701 2301 779 2343 est,
800 2294 920 2348 quod
947 2294 990 2334 in
1010 2291 1266 2346 corporibus
1288 2289 1466 2344 spericis
1489 2300 1623 2341 equa-

20 2373 61 2406 30
79 2364 191 2406 libus
245 2365 460 2406 medietas
513 2363 747 2419 cujuslibet
800 2363 953 2417 recipit
1011 2362 1220 2404 virtutem
1274 2358 1466 2409 alterius,
1517 2356 1622 2411 quia

121 2469 205 2500 6-21
232 2470 332 2500 basis
348 2470 466 2505 igitur
481 2469 684 2505 cujuslibet
701 2490 708 2498 .
728 2490 735 2498 .
755 2490 762 2497 .
781 2468 882 2503 quod
898 2467 1032 2496 melius
1049 2462 1123 2504 est]
1141 2462 1292 2502 Bridges
1309 2461 1329 2491 i.
1350 2470 1423 2500 119.
1559 2469 1623 2498 29-

11 2522 15 2526 ’
81 2531 122 2553 10
140 2523 189 2564 (p.
206 2522 266 2562 42)
289 2523 426 2552 Adhuc
450 2521 758 2558 subjungendum
776 2543 783 2551 .
802 2542 809 2549 .
829 2543 836 2550 .
855 2520 964 2549 tercii
980 2513 1284 2556 Elementorum]
1302 2513 1450 2552 Bridges
1468 2512 1488 2544 i.
1505 2522 1619 2551 124—7.

123 2622 143 2642 2
167 2610 275 2642 mlti⁸¹³
290 2613 387 2652 spem
405 2611 511 2642 MFD
667 2617 687 2648 3
711 2606 808 2649 licet]
826 2607 906 2638 licet
923 2611 1049 2638 tantum
1067 2605 1102 2638 D
1256 2616 1276 2644 4
1301 2602 1437 2645 eadem]
1456 2603 1577 2635 eodem
1594 2601 1628 2632 F

80 2663 180 2694 mmm
199 2669 297 2704 spem
315 2664 421 2695 MFD
518 2663 539 2692 6
563 2660 681 2702 igitur]
699 2670 781 2700 ergo
797 2658 832 2689 D
935 2669 951 2699 7
977 2657 1129 2699 aliquod]
1147 2657 1294 2697 aliquem
1311 2656 1347 2687 D
1443 2657 1464 2687 8
1487 2655 1624 2695 species

81 2727 148 2748 om.
167 2716 201 2748 F
331 2728 353 2757 9
376 2716 501 2758 eciam]
520 2720 554 2748 et
569 2714 634 2746 FD
775 2723 814 2743 10
838 2711 873 2753 a]
893 2712 934 2743 de
950 2711 986 2741 D
1124 2720 1162 2750 17
1186 2708 1386 2751 quemlibet]
1404 2708 1579 2750 quodlibet
1595 2707 1627 2738 F

83 2768 170 2810 non]
189 2779 255 2799 non
273 2769 380 2801 solum
398 2769 434 2801 D
605 2777 645 2808 19
669 2764 754 2807 tota]
774 2769 808 2796 et
824 2769 894 2795 tota
912 2763 976 2794 FD
1146 2773 1187 2794 22
1212 2761 1364 2803 agentis]
1381 2760 1557 2802 agencium
1573 2759 1622 2792 F:

82 2821 249 2863 pacientis
265 2821 300 2852 D
497 2822 539 2852 26
562 2817 804 2860 protractanti]
823 2817 1044 2857 pertractanti
1306 2815 1414 2851 27-28
1437 2814 1621 2846 secundum

83 2874 226 2914 Figuras
242 2885 308 2906 om.
327 2874 361 2905 F
490 2883 533 2914 3ο
557 2870 752 2912 cujuslibet]
770 2870 907 2902 cuilibet
923 2870 958 2901 D
