<?xml version="1.0" encoding="UTF-8"?>
<!DOCTYPE html PUBLIC "-//W3C//DTD XHTML 1.0 Transitional//EN"
    "http://www.w3.org/TR/xhtml1/DTD/xhtml1-transitional.dtd">
<html xmlns="http://www.w3.org/1999/xhtml" xml:lang="en" lang="en">
 <head>
  <title>
</title>
<meta http-equiv="Content-Type" content="text/html;charset=utf-8" />
  <meta name='ocr-system' content='tesseract 3.04.00' />
  <meta name='ocr-capabilities' content='ocr_page ocr_carea ocr_par ocr_line ocrx_word'/>
</head>
<body>
  <div class='ocr_page' id='page_1' title='image "./operahactenusine02baco_0150.png"; bbox 0 0 1934 3152; ppageno 0'>
   <div class='ocr_carea' id='block_1_1' title="bbox 68 1372 252 1413">
    <p class='ocr_par' dir='ltr' id='par_1_1' title="bbox 68 1372 252 1413">
     <span class='ocr_line' id='line_1_1' title="bbox 68 1372 252 1413; baseline -0.005 -10"><span class='ocrx_word' id='word_1_1' title='bbox 68 1372 106 1404; x_wconf 86' lang='lat' dir='ltr'>F.</span> <span class='ocrx_word' id='word_1_2' title='bbox 125 1372 252 1413; x_wconf 84' lang='lat' dir='ltr'>95b1.</span> 
     </span>
    </p>
   </div>
   <div class='ocr_carea' id='block_1_2' title="bbox 127 2001 248 2038">
    <p class='ocr_par' dir='ltr' id='par_1_2' title="bbox 127 2001 248 2038">
     <span class='ocr_line' id='line_1_2' title="bbox 127 2001 248 2038; baseline 0 -6"><span class='ocrx_word' id='word_1_3' title='bbox 127 2001 248 2038; x_wconf 76' lang='lat'><strong>38:12.</strong></span> 
     </span>
    </p>
   </div>
   <div class='ocr_carea' id='block_1_3' title="bbox 1010 58 1089 113">
    <p class='ocr_par' dir='ltr' id='par_1_3' title="bbox 1010 58 1089 113">
     <span class='ocr_line' id='line_1_3' title="bbox 1010 58 1089 113; baseline -0.025 -13"><span class='ocrx_word' id='word_1_4' title='bbox 1010 58 1089 113; x_wconf 83' lang='lat'>136</span> 
     </span>
    </p>
   </div>
   <div class='ocr_carea' id='block_1_4' title="bbox 265 172 1885 2463">
    <p class='ocr_par' dir='ltr' id='par_1_4' title="bbox 265 172 1885 2463">
     <span class='ocr_line' id='line_1_4' title="bbox 272 172 1823 228; baseline -0.001 -14"><span class='ocrx_word' id='word_1_5' title='bbox 272 173 423 228; x_wconf 89' lang='lat' dir='ltr'>planta</span> <span class='ocrx_word' id='word_1_6' title='bbox 456 172 581 228; x_wconf 89' lang='lat' dir='ltr'>plura</span> <span class='ocrx_word' id='word_1_7' title='bbox 612 173 715 215; x_wconf 86' lang='lat' dir='ltr'>solia</span> <span class='ocrx_word' id='word_1_8' title='bbox 741 174 811 215; x_wconf 90' lang='lat' dir='ltr'>vel</span> <span class='ocrx_word' id='word_1_9' title='bbox 845 173 992 227; x_wconf 88' lang='lat' dir='ltr'>plures</span> <span class='ocrx_word' id='word_1_10' title='bbox 1025 187 1171 215; x_wconf 89' lang='lat' dir='ltr'>ramos</span> <span class='ocrx_word' id='word_1_11' title='bbox 1207 173 1275 214; x_wconf 90' lang='lat' dir='ltr'>vel</span> <span class='ocrx_word' id='word_1_12' title='bbox 1305 173 1496 227; x_wconf 89' lang='lat' dir='ltr'>majores</span> <span class='ocrx_word' id='word_1_13' title='bbox 1530 172 1599 214; x_wconf 90' lang='lat' dir='ltr'>vel</span> <span class='ocrx_word' id='word_1_14' title='bbox 1632 173 1823 214; x_wconf 89' lang='lat' dir='ltr'>minores</span> 
     </span>
     <span class='ocr_line' id='line_1_5' title="bbox 270 242 1824 298; baseline -0.001 -13"><span class='ocrx_word' id='word_1_15' title='bbox 270 243 339 285; x_wconf 89' lang='lat' dir='ltr'>vel</span> <span class='ocrx_word' id='word_1_16' title='bbox 366 242 493 285; x_wconf 91' lang='lat' dir='ltr'>aliter</span> <span class='ocrx_word' id='word_1_17' title='bbox 524 243 744 298; x_wconf 83' lang='lat' dir='ltr'>figuratas,</span> <span class='ocrx_word' id='word_1_18' title='bbox 775 258 863 285; x_wconf 92' lang='lat' dir='ltr'>non</span> <span class='ocrx_word' id='word_1_19' title='bbox 895 243 1057 285; x_wconf 89' lang='lat' dir='ltr'>accidit</span> <span class='ocrx_word' id='word_1_20' title='bbox 1089 243 1362 293; x_wconf 81' lang='lat' dir='ltr'>deformitas,</span> <span class='ocrx_word' id='word_1_21' title='bbox 1399 249 1443 285; x_wconf 91' lang='lat' dir='ltr'>et</span> <span class='ocrx_word' id='word_1_22' title='bbox 1474 244 1575 285; x_wconf 93' lang='lat' dir='ltr'>ideo</span> <span class='ocrx_word' id='word_1_23' title='bbox 1607 254 1702 285; x_wconf 76' lang='lat' dir='ltr'>neC&#39;</span> <span class='ocrx_word' id='word_1_24' title='bbox 1721 256 1824 296; x_wconf 88' lang='lat' dir='ltr'>pec-</span> 
     </span>
     <span class='ocr_line' id='line_1_6' title="bbox 271 313 1823 367; baseline -0.001 -12"><span class='ocrx_word' id='word_1_25' title='bbox 271 320 432 365; x_wconf 87' lang='lat' dir='ltr'>catum,</span> <span class='ocrx_word' id='word_1_26' title='bbox 449 313 549 355; x_wconf 90' lang='lat' dir='ltr'>licet</span> <span class='ocrx_word' id='word_1_27' title='bbox 573 315 757 355; x_wconf 87' lang='lat' dir='ltr'>materia</span> <span class='ocrx_word' id='word_1_28' title='bbox 779 314 836 355; x_wconf 90' lang='lat' dir='ltr'>sit</span> <span class='ocrx_word' id='word_1_29' title='bbox 859 313 1080 367; x_wconf 85' lang='lat' dir='ltr'>superflua</span> <span class='ocrx_word' id='word_1_30' title='bbox 1103 313 1173 354; x_wconf 89' lang='lat' dir='ltr'>vel</span> <span class='ocrx_word' id='word_1_31' title='bbox 1196 314 1427 355; x_wconf 88' lang='lat' dir='ltr'>diminuta.</span> <span class='ocrx_word' id='word_1_32' title='bbox 1460 315 1464 317; x_wconf 70' lang='grc'><strong><em>’</em></strong></span> <span class='ocrx_word' id='word_1_33' title='bbox 1483 313 1823 354; x_wconf 88' lang='lat' dir='ltr'>Monstruositas</span> 
     </span>
     <span class='ocr_line' id='line_1_7' title="bbox 270 383 1822 437; baseline -0.001 -13"><span class='ocrx_word' id='word_1_34' title='bbox 270 384 472 425; x_wconf 89' lang='lat' dir='ltr'>similiter</span> <span class='ocrx_word' id='word_1_35' title='bbox 497 389 573 424; x_wconf 90' lang='lat' dir='ltr'>aut</span> <span class='ocrx_word' id='word_1_36' title='bbox 603 383 723 424; x_wconf 90' lang='lat' dir='ltr'>nulla</span> <span class='ocrx_word' id='word_1_37' title='bbox 753 391 829 424; x_wconf 90' lang='lat' dir='ltr'>aut</span> <span class='ocrx_word' id='word_1_38' title='bbox 861 397 948 424; x_wconf 90' lang='lat' dir='ltr'>non</span> <span class='ocrx_word' id='word_1_39' title='bbox 979 389 1104 424; x_wconf 87' lang='lat' dir='ltr'>tanta</span> <span class='ocrx_word' id='word_1_40' title='bbox 1136 384 1297 425; x_wconf 88' lang='lat' dir='ltr'>accidit</span> <span class='ocrx_word' id='word_1_41' title='bbox 1328 385 1372 424; x_wconf 89' lang='lat' dir='ltr'>in</span> <span class='ocrx_word' id='word_1_42' title='bbox 1406 384 1584 437; x_wconf 89' lang='lat' dir='ltr'>plantis,</span> <span class='ocrx_word' id='word_1_43' title='bbox 1605 396 1708 424; x_wconf 89' lang='lat' dir='ltr'>nam</span> <span class='ocrx_word' id='word_1_44' title='bbox 1734 396 1822 423; x_wconf 89' lang='lat' dir='ltr'>non</span> 
     </span>
     <span class='ocr_line' id='line_1_8' title="bbox 270 452 1862 508; baseline -0.001 -13"><span class='ocrx_word' id='word_1_45' title='bbox 270 461 336 495; x_wconf 89' lang='lat' dir='ltr'>est</span> <span class='ocrx_word' id='word_1_46' title='bbox 359 454 419 495; x_wconf 92' lang='lat' dir='ltr'>ibi</span> <span class='ocrx_word' id='word_1_47' title='bbox 443 453 707 495; x_wconf 87' lang='lat' dir='ltr'>commixtio</span> <span class='ocrx_word' id='word_1_48' title='bbox 730 453 946 494; x_wconf 87' lang='lat' dir='ltr'>seminum</span> <span class='ocrx_word' id='word_1_49' title='bbox 965 453 1236 495; x_wconf 90' lang='lat' dir='ltr'>diversarum</span> <span class='ocrx_word' id='word_1_50' title='bbox 1260 453 1524 507; x_wconf 78' lang='lat' dir='ltr'>planta-rum,</span> <span class='ocrx_word' id='word_1_51' title='bbox 1543 453 1647 507; x_wconf 91' lang='lat' dir='ltr'>quia</span> <span class='ocrx_word' id='word_1_52' title='bbox 1668 452 1822 508; x_wconf 84' lang='lat' dir='ltr'><strong>plante</strong></span> <span class='ocrx_word' id='word_1_53' title='bbox 1843 469 1862 502; x_wconf 87' lang='lat'><strong><em>5</em></strong></span> 
     </span>
     <span class='ocr_line' id='line_1_9' title="bbox 270 522 1822 572; baseline -0.001 -8"><span class='ocrx_word' id='word_1_54' title='bbox 270 529 371 564; x_wconf 88' lang='lat' dir='ltr'>sunt</span> <span class='ocrx_word' id='word_1_55' title='bbox 394 522 644 564; x_wconf 84' lang='lat' dir='ltr'>immobiles</span> <span class='ocrx_word' id='word_1_56' title='bbox 666 530 710 565; x_wconf 91' lang='lat' dir='ltr'>et</span> <span class='ocrx_word' id='word_1_57' title='bbox 732 523 865 564; x_wconf 84' lang='lat' dir='ltr'>affixe</span> <span class='ocrx_word' id='word_1_58' title='bbox 887 529 1012 572; x_wconf 86' lang='lat' dir='ltr'>terre,</span> <span class='ocrx_word' id='word_1_59' title='bbox 1038 530 1082 564; x_wconf 90' lang='lat' dir='ltr'>et</span> <span class='ocrx_word' id='word_1_60' title='bbox 1109 524 1211 565; x_wconf 91' lang='lat' dir='ltr'>ideo</span> <span class='ocrx_word' id='word_1_61' title='bbox 1241 523 1275 564; x_wconf 88' lang='lat' dir='ltr'>si</span> <span class='ocrx_word' id='word_1_62' title='bbox 1303 523 1474 565; x_wconf 88' lang='lat' dir='ltr'>accidat</span> <span class='ocrx_word' id='word_1_63' title='bbox 1505 529 1753 564; x_wconf 86' lang='lat' dir='ltr'>monstrum</span> <span class='ocrx_word' id='word_1_64' title='bbox 1777 523 1822 563; x_wconf 89' lang='lat' dir='ltr'>in</span> 
     </span>
     <span class='ocr_line' id='line_1_10' title="bbox 270 592 1820 646; baseline -0.001 -11"><span class='ocrx_word' id='word_1_65' title='bbox 270 593 330 635; x_wconf 91' lang='lat' dir='ltr'>eis</span> <span class='ocrx_word' id='word_1_66' title='bbox 353 607 439 634; x_wconf 92' lang='lat' dir='ltr'>non</span> <span class='ocrx_word' id='word_1_67' title='bbox 463 599 612 646; x_wconf 89' lang='lat' dir='ltr'>potest</span> <span class='ocrx_word' id='word_1_68' title='bbox 634 606 738 641; x_wconf 90' lang='lat' dir='ltr'>esse,</span> <span class='ocrx_word' id='word_1_69' title='bbox 761 593 842 634; x_wconf 90' lang='lat' dir='ltr'>nisi</span> <span class='ocrx_word' id='word_1_70' title='bbox 866 606 925 633; x_wconf 84' lang='lat' dir='ltr'>ex</span> <span class='ocrx_word' id='word_1_71' title='bbox 945 593 1108 634; x_wconf 89' lang='lat' dir='ltr'>virtute</span> <span class='ocrx_word' id='word_1_72' title='bbox 1129 592 1223 634; x_wconf 90' lang='lat' dir='ltr'>celi.</span> <span class='ocrx_word' id='word_1_73' title='bbox 1276 593 1444 634; x_wconf 90' lang='lat' dir='ltr'>Verum</span> <span class='ocrx_word' id='word_1_74' title='bbox 1468 593 1584 634; x_wconf 86' lang='lat' dir='ltr'>enim</span> <span class='ocrx_word' id='word_1_75' title='bbox 1609 598 1675 634; x_wconf 91' lang='lat' dir='ltr'>est</span> <span class='ocrx_word' id='word_1_76' title='bbox 1698 592 1820 646; x_wconf 92' lang='lat' dir='ltr'>quod</span> 
     </span>
     <span class='ocr_line' id='line_1_11' title="bbox 269 661 1819 716; baseline 0 -13"><span class='ocrx_word' id='word_1_77' title='bbox 269 663 501 704; x_wconf 87' lang='lat' dir='ltr'>Avicenna</span> <span class='ocrx_word' id='word_1_78' title='bbox 542 662 662 712; x_wconf 87' lang='lat' dir='ltr'>dicit,</span> <span class='ocrx_word' id='word_1_79' title='bbox 694 662 870 704; x_wconf 88' lang='lat' dir='ltr'>decimo</span> <span class='ocrx_word' id='word_1_80' title='bbox 906 668 1064 704; x_wconf 91' lang='lat' dir='ltr'>octavo</span> <span class='ocrx_word' id='word_1_81' title='bbox 1101 661 1170 703; x_wconf 85' lang='lat' dir='ltr'>De</span> <span class='ocrx_word' id='word_1_82' title='bbox 1200 662 1498 714; x_wconf 82' lang='lat' dir='ltr'><em>Animalibus,</em></span> <span class='ocrx_word' id='word_1_83' title='bbox 1530 663 1651 716; x_wconf 90' lang='lat' dir='ltr'>quod</span> <span class='ocrx_word' id='word_1_84' title='bbox 1694 674 1819 704; x_wconf 90' lang='lat' dir='ltr'>mon-</span> 
     </span>
     <span class='ocr_line' id='line_1_12' title="bbox 268 731 1819 787; baseline -0.001 -13"><span class='ocrx_word' id='word_1_85' title='bbox 268 739 407 774; x_wconf 89' lang='lat' dir='ltr'>strum</span> <span class='ocrx_word' id='word_1_86' title='bbox 436 738 504 774; x_wconf 89' lang='lat' dir='ltr'>est</span> <span class='ocrx_word' id='word_1_87' title='bbox 534 732 578 773; x_wconf 92' lang='lat' dir='ltr'>in</span> <span class='ocrx_word' id='word_1_88' title='bbox 602 731 776 787; x_wconf 87' lang='lat' dir='ltr'>plantis,</span> <span class='ocrx_word' id='word_1_89' title='bbox 799 739 842 773; x_wconf 92' lang='lat' dir='ltr'>et</span> <span class='ocrx_word' id='word_1_90' title='bbox 865 732 1091 785; x_wconf 87' lang='lat' dir='ltr'>Averroys</span> <span class='ocrx_word' id='word_1_91' title='bbox 1123 746 1286 787; x_wconf 84' lang='lat' dir='ltr'>negare</span> <span class='ocrx_word' id='word_1_92' title='bbox 1315 732 1410 773; x_wconf 91' lang='lat' dir='ltr'>vult</span> <span class='ocrx_word' id='word_1_93' title='bbox 1441 739 1692 774; x_wconf 88' lang='lat' dir='ltr'>monstrum</span> <span class='ocrx_word' id='word_1_94' title='bbox 1725 744 1819 773; x_wconf 90' lang='lat' dir='ltr'>esse</span> 
     </span>
     <span class='ocr_line' id='line_1_13' title="bbox 270 794 1885 856; baseline -0.002 -13"><span class='ocrx_word' id='word_1_95' title='bbox 270 803 311 843; x_wconf 91' lang='lat' dir='ltr'>in</span> <span class='ocrx_word' id='word_1_96' title='bbox 336 802 398 843; x_wconf 89' lang='lat' dir='ltr'>eis</span> <span class='ocrx_word' id='word_1_97' title='bbox 419 808 463 843; x_wconf 91' lang='lat' dir='ltr'>et</span> <span class='ocrx_word' id='word_1_98' title='bbox 485 815 564 856; x_wconf 93' lang='lat' dir='ltr'>per</span> <span class='ocrx_word' id='word_1_99' title='bbox 586 815 867 855; x_wconf 86' lang='lat' dir='ltr'>consequens,</span> <span class='ocrx_word' id='word_1_100' title='bbox 882 816 969 843; x_wconf 92' lang='lat' dir='ltr'>non</span> <span class='ocrx_word' id='word_1_101' title='bbox 991 802 1046 843; x_wconf 93' lang='lat' dir='ltr'>sit</span> <span class='ocrx_word' id='word_1_102' title='bbox 1070 802 1149 842; x_wconf 90' lang='lat' dir='ltr'>nisi</span> <span class='ocrx_word' id='word_1_103' title='bbox 1174 803 1217 843; x_wconf 88' lang='lat' dir='ltr'>in</span> <span class='ocrx_word' id='word_1_104' title='bbox 1239 794 1518 852; x_wconf 86' lang='lat' dir='ltr'>animalibus,</span> <span class='ocrx_word' id='word_1_105' title='bbox 1536 802 1639 856; x_wconf 91' lang='lat' dir='ltr'>quia</span> <span class='ocrx_word' id='word_1_106' title='bbox 1662 808 1821 843; x_wconf 89' lang='lat' dir='ltr'>natura</span> <span class='ocrx_word' id='word_1_107' title='bbox 1845 817 1885 840; x_wconf 89' lang='lat'>10</span> 
     </span>
     <span class='ocr_line' id='line_1_14' title="bbox 269 864 1822 926; baseline -0.001 -13"><span class='ocrx_word' id='word_1_108' title='bbox 269 872 410 926; x_wconf 86' lang='lat' dir='ltr'>magis</span> <span class='ocrx_word' id='word_1_109' title='bbox 431 871 603 914; x_wconf 89' lang='lat' dir='ltr'>solicita</span> <span class='ocrx_word' id='word_1_110' title='bbox 632 879 697 913; x_wconf 91' lang='lat' dir='ltr'>est</span> <span class='ocrx_word' id='word_1_111' title='bbox 730 873 773 912; x_wconf 92' lang='lat' dir='ltr'>in</span> <span class='ocrx_word' id='word_1_112' title='bbox 806 873 867 913; x_wconf 93' lang='lat' dir='ltr'>eis</span> <span class='ocrx_word' id='word_1_113' title='bbox 897 886 1033 925; x_wconf 86' lang='lat' dir='ltr'>quam</span> <span class='ocrx_word' id='word_1_114' title='bbox 1061 872 1103 912; x_wconf 90' lang='lat' dir='ltr'>in</span> <span class='ocrx_word' id='word_1_115' title='bbox 1136 872 1313 926; x_wconf 86' lang='lat' dir='ltr'>plantis,</span> <span class='ocrx_word' id='word_1_116' title='bbox 1334 878 1401 913; x_wconf 91' lang='lat' dir='ltr'>set</span> <span class='ocrx_word' id='word_1_117' title='bbox 1425 886 1513 914; x_wconf 92' lang='lat' dir='ltr'>non</span> <span class='ocrx_word' id='word_1_118' title='bbox 1534 878 1601 913; x_wconf 84' lang='lat' dir='ltr'>est</span> <span class='ocrx_word' id='word_1_119' title='bbox 1630 864 1822 914; x_wconf 84' lang='lat' dir='ltr'>intencio</span> 
     </span>
     <span class='ocr_line' id='line_1_15' title="bbox 267 941 1822 997; baseline -0.001 -13"><span class='ocrx_word' id='word_1_120' title='bbox 267 942 538 993; x_wconf 88' lang='lat' dir='ltr'>Aristotelis,</span> <span class='ocrx_word' id='word_1_121' title='bbox 578 956 656 984; x_wconf 89' lang='lat' dir='ltr'>nec</span> <span class='ocrx_word' id='word_1_122' title='bbox 709 942 822 984; x_wconf 85' lang='lat' dir='ltr'>forte</span> <span class='ocrx_word' id='word_1_123' title='bbox 861 942 1103 995; x_wconf 88' lang='lat' dir='ltr'>Averroys,</span> <span class='ocrx_word' id='word_1_124' title='bbox 1153 942 1214 983; x_wconf 84' lang='lat' dir='ltr'>sic</span> <span class='ocrx_word' id='word_1_125' title='bbox 1259 956 1444 997; x_wconf 82' lang='lat' dir='ltr'>arguere</span> <span class='ocrx_word' id='word_1_126' title='bbox 1496 941 1710 990; x_wconf 90' lang='lat' dir='ltr'>absolute,</span> <span class='ocrx_word' id='word_1_127' title='bbox 1755 948 1822 983; x_wconf 91' lang='lat' dir='ltr'>set</span> 
     </span>
     <span class='ocr_line' id='line_1_16' title="bbox 268 1012 1821 1067; baseline -0.001 -13"><span class='ocrx_word' id='word_1_128' title='bbox 268 1014 513 1054; x_wconf 91' lang='lat' dir='ltr'>secundum</span> <span class='ocrx_word' id='word_1_129' title='bbox 563 1012 836 1066; x_wconf 85' lang='lat' dir='ltr'>posicionem</span> <span class='ocrx_word' id='word_1_130' title='bbox 884 1012 1184 1067; x_wconf 86' lang='lat' dir='ltr'>Empedoclis,</span> <span class='ocrx_word' id='word_1_131' title='bbox 1232 1012 1306 1067; x_wconf 90' lang='lat' dir='ltr'>qui</span> <span class='ocrx_word' id='word_1_132' title='bbox 1347 1013 1494 1066; x_wconf 86' lang='lat' dir='ltr'>posuit</span> <span class='ocrx_word' id='word_1_133' title='bbox 1537 1018 1735 1054; x_wconf 90' lang='lat' dir='ltr'>monstra</span> <span class='ocrx_word' id='word_1_134' title='bbox 1777 1018 1821 1053; x_wconf 92' lang='lat' dir='ltr'>et</span> 
     </span>
     <span class='ocr_line' id='line_1_17' title="bbox 269 1082 1822 1137; baseline 0 -14"><span class='ocrx_word' id='word_1_135' title='bbox 269 1089 453 1137; x_wconf 89' lang='lat' dir='ltr'>peccata</span> <span class='ocrx_word' id='word_1_136' title='bbox 484 1083 528 1124; x_wconf 91' lang='lat' dir='ltr'>in</span> <span class='ocrx_word' id='word_1_137' title='bbox 562 1082 825 1124; x_wconf 80' lang='lat' dir='ltr'>animalibus</span> <span class='ocrx_word' id='word_1_138' title='bbox 851 1096 943 1124; x_wconf 87' lang='lat' dir='ltr'>esse</span> <span class='ocrx_word' id='word_1_139' title='bbox 965 1083 1135 1125; x_wconf 84' lang='lat' dir='ltr'>intenta</span> <span class='ocrx_word' id='word_1_140' title='bbox 1162 1096 1188 1123; x_wconf 92' lang='lat' dir='ltr'>a</span> <span class='ocrx_word' id='word_1_141' title='bbox 1213 1089 1385 1134; x_wconf 90' lang='lat' dir='ltr'>natura,</span> <span class='ocrx_word' id='word_1_142' title='bbox 1407 1089 1452 1124; x_wconf 92' lang='lat' dir='ltr'>et</span> <span class='ocrx_word' id='word_1_143' title='bbox 1480 1083 1542 1124; x_wconf 91' lang='lat' dir='ltr'>ita</span> <span class='ocrx_word' id='word_1_144' title='bbox 1569 1096 1662 1124; x_wconf 90' lang='lat' dir='ltr'>esse</span> <span class='ocrx_word' id='word_1_145' title='bbox 1689 1088 1822 1124; x_wconf 89' lang='lat' dir='ltr'>natu-</span> 
     </span>
     <span class='ocr_line' id='line_1_18' title="bbox 269 1150 1882 1207; baseline -0.001 -13"><span class='ocrx_word' id='word_1_146' title='bbox 269 1153 375 1195; x_wconf 81' lang='lat' dir='ltr'>ralia</span> <span class='ocrx_word' id='word_1_147' title='bbox 396 1153 509 1195; x_wconf 89' lang='lat' dir='ltr'>sicut</span> <span class='ocrx_word' id='word_1_148' title='bbox 531 1150 618 1195; x_wconf 87' lang='lat' dir='ltr'>alia</span> <span class='ocrx_word' id='word_1_149' title='bbox 640 1166 775 1207; x_wconf 89' lang='lat' dir='ltr'>opera</span> <span class='ocrx_word' id='word_1_150' title='bbox 797 1160 952 1194; x_wconf 89' lang='lat' dir='ltr'>nature</span> <span class='ocrx_word' id='word_1_151' title='bbox 974 1166 1061 1207; x_wconf 91' lang='lat' dir='ltr'>que</span> <span class='ocrx_word' id='word_1_152' title='bbox 1083 1159 1202 1194; x_wconf 86' lang='lat' dir='ltr'>recte</span> <span class='ocrx_word' id='word_1_153' title='bbox 1224 1152 1348 1204; x_wconf 87' lang='lat' dir='ltr'>fiunt,</span> <span class='ocrx_word' id='word_1_154' title='bbox 1369 1158 1413 1194; x_wconf 92' lang='lat' dir='ltr'>et</span> <span class='ocrx_word' id='word_1_155' title='bbox 1434 1158 1540 1194; x_wconf 89' lang='lat' dir='ltr'>tunc</span> <span class='ocrx_word' id='word_1_156' title='bbox 1562 1158 1821 1207; x_wconf 89' lang='lat' dir='ltr'>sequeretur</span> <span class='ocrx_word' id='word_1_157' title='bbox 1845 1166 1882 1198; x_wconf 87' lang='lat'>15</span> 
     </span>
     <span class='ocr_line' id='line_1_19' title="bbox 267 1221 1820 1278; baseline -0.001 -13"><span class='ocrx_word' id='word_1_158' title='bbox 267 1224 386 1278; x_wconf 91' lang='lat' dir='ltr'>quod</span> <span class='ocrx_word' id='word_1_159' title='bbox 409 1223 444 1264; x_wconf 91' lang='lat' dir='ltr'>si</span> <span class='ocrx_word' id='word_1_160' title='bbox 467 1223 509 1263; x_wconf 93' lang='lat' dir='ltr'>in</span> <span class='ocrx_word' id='word_1_161' title='bbox 532 1223 795 1264; x_wconf 85' lang='lat' dir='ltr'>animalibus</span> <span class='ocrx_word' id='word_1_162' title='bbox 817 1222 974 1264; x_wconf 89' lang='lat' dir='ltr'>fierent</span> <span class='ocrx_word' id='word_1_163' title='bbox 997 1222 1256 1266; x_wconf 84' lang='lat' dir='ltr'>naturaliter</span> <span class='ocrx_word' id='word_1_164' title='bbox 1277 1228 1322 1264; x_wconf 85' lang='lat' dir='ltr'>et</span> <span class='ocrx_word' id='word_1_165' title='bbox 1345 1222 1388 1264; x_wconf 89' lang='lat' dir='ltr'>in</span> <span class='ocrx_word' id='word_1_166' title='bbox 1411 1222 1573 1275; x_wconf 87' lang='lat' dir='ltr'>plantis</span> <span class='ocrx_word' id='word_1_167' title='bbox 1601 1221 1820 1271; x_wconf 89' lang='lat' dir='ltr'>similiter,</span> 
     </span>
     <span class='ocr_line' id='line_1_20' title="bbox 269 1292 1819 1343; baseline 0 -10"><span class='ocrx_word' id='word_1_168' title='bbox 269 1299 312 1334; x_wconf 91' lang='lat' dir='ltr'>et</span> <span class='ocrx_word' id='word_1_169' title='bbox 345 1306 369 1333; x_wconf 95' lang='lat' dir='ltr'>e</span> <span class='ocrx_word' id='word_1_170' title='bbox 397 1306 621 1343; x_wconf 89' lang='lat' dir='ltr'>converso,</span> <span class='ocrx_word' id='word_1_171' title='bbox 643 1299 709 1334; x_wconf 93' lang='lat' dir='ltr'>set</span> <span class='ocrx_word' id='word_1_172' title='bbox 744 1306 824 1334; x_wconf 90' lang='lat' dir='ltr'>nec</span> <span class='ocrx_word' id='word_1_173' title='bbox 856 1292 1144 1334; x_wconf 90' lang='lat' dir='ltr'>intenduntur</span> <span class='ocrx_word' id='word_1_174' title='bbox 1175 1293 1218 1333; x_wconf 92' lang='lat' dir='ltr'>in</span> <span class='ocrx_word' id='word_1_175' title='bbox 1248 1293 1339 1334; x_wconf 87' lang='lat' dir='ltr'>istis</span> <span class='ocrx_word' id='word_1_176' title='bbox 1370 1306 1450 1333; x_wconf 91' lang='lat' dir='ltr'>nec</span> <span class='ocrx_word' id='word_1_177' title='bbox 1480 1292 1566 1334; x_wconf 90' lang='lat' dir='ltr'>illis</span> <span class='ocrx_word' id='word_1_178' title='bbox 1595 1306 1622 1334; x_wconf 89' lang='lat' dir='ltr'>a</span> <span class='ocrx_word' id='word_1_179' title='bbox 1647 1298 1819 1343; x_wconf 85' lang='lat' dir='ltr'>natura,</span> 
     </span>
     <span class='ocr_line' id='line_1_21' title="bbox 268 1360 1821 1417; baseline -0.001 -13"><span class='ocrx_word' id='word_1_180' title='bbox 268 1370 336 1405; x_wconf 93' lang='lat' dir='ltr'>set</span> <span class='ocrx_word' id='word_1_181' title='bbox 357 1362 470 1404; x_wconf 85' lang='lat' dir='ltr'>fiunt</span> <span class='ocrx_word' id='word_1_182' title='bbox 496 1369 643 1416; x_wconf 88' lang='lat' dir='ltr'>preter</span> <span class='ocrx_word' id='word_1_183' title='bbox 665 1362 957 1403; x_wconf 86' lang='lat' dir='ltr'>intencionem</span> <span class='ocrx_word' id='word_1_184' title='bbox 981 1368 1134 1403; x_wconf 87' lang='lat' dir='ltr'>nature</span> <span class='ocrx_word' id='word_1_185' title='bbox 1157 1363 1200 1403; x_wconf 90' lang='lat' dir='ltr'>in</span> <span class='ocrx_word' id='word_1_186' title='bbox 1223 1362 1490 1403; x_wconf 89' lang='lat' dir='ltr'>animalibus</span> <span class='ocrx_word' id='word_1_187' title='bbox 1518 1361 1525 1417; x_wconf 82' lang='grc' dir='ltr'>Ι</span> <span class='ocrx_word' id='word_1_188' title='bbox 1552 1367 1597 1403; x_wconf 88' lang='lat' dir='ltr'>et</span> <span class='ocrx_word' id='word_1_189' title='bbox 1622 1360 1821 1403; x_wconf 89' lang='lat' dir='ltr'>similiter</span> 
     </span>
     <span class='ocr_line' id='line_1_22' title="bbox 266 1430 1819 1487; baseline -0.001 -13"><span class='ocrx_word' id='word_1_190' title='bbox 266 1434 301 1474; x_wconf 92' lang='lat' dir='ltr'>si</span> <span class='ocrx_word' id='word_1_191' title='bbox 325 1433 480 1474; x_wconf 88' lang='lat' dir='ltr'>fierent</span> <span class='ocrx_word' id='word_1_192' title='bbox 503 1432 545 1473; x_wconf 91' lang='lat' dir='ltr'>in</span> <span class='ocrx_word' id='word_1_193' title='bbox 568 1432 740 1486; x_wconf 88' lang='lat' dir='ltr'>plantis.</span> <span class='ocrx_word' id='word_1_194' title='bbox 808 1431 887 1474; x_wconf 85' lang='lat' dir='ltr'>Set</span> <span class='ocrx_word' id='word_1_195' title='bbox 918 1439 1091 1474; x_wconf 85' lang='lat' dir='ltr'>constat</span> <span class='ocrx_word' id='word_1_196' title='bbox 1122 1438 1305 1487; x_wconf 88' lang='lat' dir='ltr'>peccata</span> <span class='ocrx_word' id='word_1_197' title='bbox 1333 1446 1421 1474; x_wconf 90' lang='lat' dir='ltr'>non</span> <span class='ocrx_word' id='word_1_198' title='bbox 1446 1431 1540 1473; x_wconf 92' lang='lat' dir='ltr'>fieri</span> <span class='ocrx_word' id='word_1_199' title='bbox 1568 1432 1612 1473; x_wconf 91' lang='lat' dir='ltr'>in</span> <span class='ocrx_word' id='word_1_200' title='bbox 1642 1430 1819 1485; x_wconf 87' lang='lat' dir='ltr'>plantis,</span> 
     </span>
     <span class='ocr_line' id='line_1_23' title="bbox 265 1501 1881 1556; baseline -0.001 -13"><span class='ocrx_word' id='word_1_201' title='bbox 265 1502 476 1556; x_wconf 87' lang='lat' dir='ltr'>quicquid</span> <span class='ocrx_word' id='word_1_202' title='bbox 503 1501 560 1543; x_wconf 91' lang='lat' dir='ltr'>sit</span> <span class='ocrx_word' id='word_1_203' title='bbox 589 1503 645 1543; x_wconf 89' lang='lat' dir='ltr'>de</span> <span class='ocrx_word' id='word_1_204' title='bbox 671 1507 879 1542; x_wconf 90' lang='lat' dir='ltr'>monstro.</span> <span class='ocrx_word' id='word_1_205' title='bbox 947 1501 1008 1543; x_wconf 86' lang='lat' dir='ltr'>Et</span> <span class='ocrx_word' id='word_1_206' title='bbox 1034 1501 1103 1543; x_wconf 91' lang='lat' dir='ltr'>hic</span> <span class='ocrx_word' id='word_1_207' title='bbox 1136 1501 1431 1555; x_wconf 88' lang='lat' dir='ltr'>Empedocles</span> <span class='ocrx_word' id='word_1_208' title='bbox 1465 1501 1609 1555; x_wconf 91' lang='lat' dir='ltr'>posuit</span> <span class='ocrx_word' id='word_1_209' title='bbox 1641 1513 1818 1542; x_wconf 88' lang='lat' dir='ltr'>causam</span> <span class='ocrx_word' id='word_1_210' title='bbox 1840 1512 1881 1535; x_wconf 87' lang='lat'>20</span> 
     </span>
     <span class='ocr_line' id='line_1_24' title="bbox 266 1570 1819 1620; baseline -0.001 -8"><span class='ocrx_word' id='word_1_211' title='bbox 266 1572 537 1614; x_wconf 87' lang='lat' dir='ltr'>necessitatis</span> <span class='ocrx_word' id='word_1_212' title='bbox 570 1585 711 1612; x_wconf 86' lang='lat' dir='ltr'>rerum</span> <span class='ocrx_word' id='word_1_213' title='bbox 745 1571 1014 1613; x_wconf 89' lang='lat' dir='ltr'>naturalium</span> <span class='ocrx_word' id='word_1_214' title='bbox 1039 1584 1132 1612; x_wconf 88' lang='lat' dir='ltr'>esse</span> <span class='ocrx_word' id='word_1_215' title='bbox 1155 1571 1386 1612; x_wconf 88' lang='lat' dir='ltr'>materiam</span> <span class='ocrx_word' id='word_1_216' title='bbox 1410 1577 1455 1612; x_wconf 93' lang='lat' dir='ltr'>et</span> <span class='ocrx_word' id='word_1_217' title='bbox 1478 1584 1567 1611; x_wconf 88' lang='lat' dir='ltr'>non</span> <span class='ocrx_word' id='word_1_218' title='bbox 1598 1570 1746 1620; x_wconf 87' lang='lat' dir='ltr'>finem,</span> <span class='ocrx_word' id='word_1_219' title='bbox 1770 1576 1819 1611; x_wconf 91' lang='lat' dir='ltr'>ut</span> 
     </span>
     <span class='ocr_line' id='line_1_25' title="bbox 266 1641 1820 1696; baseline -0.001 -13"><span class='ocrx_word' id='word_1_220' title='bbox 266 1643 369 1696; x_wconf 87' lang='lat' dir='ltr'>quia</span> <span class='ocrx_word' id='word_1_221' title='bbox 392 1642 577 1683; x_wconf 85' lang='lat' dir='ltr'>materia</span> <span class='ocrx_word' id='word_1_222' title='bbox 609 1641 756 1696; x_wconf 88' lang='lat' dir='ltr'>pluvie</span> <span class='ocrx_word' id='word_1_223' title='bbox 782 1648 849 1683; x_wconf 90' lang='lat' dir='ltr'>est</span> <span class='ocrx_word' id='word_1_224' title='bbox 881 1641 1026 1695; x_wconf 84' lang='lat' dir='ltr'>gravis</span> <span class='ocrx_word' id='word_1_225' title='bbox 1052 1641 1151 1683; x_wconf 88' lang='lat' dir='ltr'>ideo</span> <span class='ocrx_word' id='word_1_226' title='bbox 1180 1641 1407 1682; x_wconf 87' lang='lat' dir='ltr'>descendit</span> <span class='ocrx_word' id='word_1_227' title='bbox 1436 1647 1480 1683; x_wconf 89' lang='lat' dir='ltr'>et</span> <span class='ocrx_word' id='word_1_228' title='bbox 1516 1654 1605 1682; x_wconf 90' lang='lat' dir='ltr'>non</span> <span class='ocrx_word' id='word_1_229' title='bbox 1638 1647 1820 1695; x_wconf 90' lang='lat' dir='ltr'>propter</span> 
     </span>
     <span class='ocr_line' id='line_1_26' title="bbox 267 1709 1816 1764; baseline -0.001 -12"><span class='ocrx_word' id='word_1_230' title='bbox 267 1712 415 1763; x_wconf 88' lang='lat' dir='ltr'>finem,</span> <span class='ocrx_word' id='word_1_231' title='bbox 437 1718 481 1753; x_wconf 93' lang='lat' dir='ltr'>et</span> <span class='ocrx_word' id='word_1_232' title='bbox 509 1712 665 1753; x_wconf 88' lang='lat' dir='ltr'>dentes</span> <span class='ocrx_word' id='word_1_233' title='bbox 692 1711 944 1753; x_wconf 85' lang='lat' dir='ltr'>maxillares</span> <span class='ocrx_word' id='word_1_234' title='bbox 973 1718 1077 1753; x_wconf 89' lang='lat' dir='ltr'>sunt</span> <span class='ocrx_word' id='word_1_235' title='bbox 1107 1711 1296 1764; x_wconf 87' lang='lat' dir='ltr'>majores</span> <span class='ocrx_word' id='word_1_236' title='bbox 1324 1711 1429 1763; x_wconf 86' lang='lat' dir='ltr'>quia</span> <span class='ocrx_word' id='word_1_237' title='bbox 1461 1712 1602 1751; x_wconf 91' lang='lat' dir='ltr'>multa</span> <span class='ocrx_word' id='word_1_238' title='bbox 1630 1709 1816 1752; x_wconf 86' lang='lat' dir='ltr'>materia</span> 
     </span>
     <span class='ocr_line' id='line_1_27' title="bbox 266 1780 1815 1836; baseline -0.002 -13"><span class='ocrx_word' id='word_1_239' title='bbox 266 1781 449 1824; x_wconf 89' lang='lat' dir='ltr'>confluit</span> <span class='ocrx_word' id='word_1_240' title='bbox 487 1782 559 1831; x_wconf 87' lang='lat' dir='ltr'>ibi,</span> <span class='ocrx_word' id='word_1_241' title='bbox 600 1795 687 1822; x_wconf 90' lang='lat' dir='ltr'>non</span> <span class='ocrx_word' id='word_1_242' title='bbox 725 1787 906 1836; x_wconf 90' lang='lat' dir='ltr'>propter</span> <span class='ocrx_word' id='word_1_243' title='bbox 939 1781 1070 1822; x_wconf 90' lang='lat' dir='ltr'>aliam</span> <span class='ocrx_word' id='word_1_244' title='bbox 1105 1781 1413 1822; x_wconf 87' lang='lat' dir='ltr'>necessitatem</span> <span class='ocrx_word' id='word_1_245' title='bbox 1454 1780 1564 1831; x_wconf 79' lang='lat' dir='ltr'>finis,</span> <span class='ocrx_word' id='word_1_246' title='bbox 1598 1786 1642 1822; x_wconf 92' lang='lat' dir='ltr'>et</span> <span class='ocrx_word' id='word_1_247' title='bbox 1675 1780 1736 1821; x_wconf 90' lang='lat' dir='ltr'>sic</span> <span class='ocrx_word' id='word_1_248' title='bbox 1772 1780 1815 1820; x_wconf 90' lang='lat' dir='ltr'>in</span> 
     </span>
     <span class='ocr_line' id='line_1_28' title="bbox 267 1849 1878 1906; baseline -0.002 -13"><span class='ocrx_word' id='word_1_249' title='bbox 267 1852 476 1893; x_wconf 88' lang='lat' dir='ltr'>omnibus</span> <span class='ocrx_word' id='word_1_250' title='bbox 526 1858 709 1906; x_wconf 88' lang='lat' dir='ltr'>possunt</span> <span class='ocrx_word' id='word_1_251' title='bbox 761 1852 912 1892; x_wconf 85' lang='lat' dir='ltr'>omnia</span> <span class='ocrx_word' id='word_1_252' title='bbox 963 1851 1219 1905; x_wconf 85' lang='lat' dir='ltr'>contingere</span> <span class='ocrx_word' id='word_1_253' title='bbox 1272 1857 1455 1904; x_wconf 87' lang='lat' dir='ltr'>propter</span> <span class='ocrx_word' id='word_1_254' title='bbox 1507 1849 1816 1892; x_wconf 87' lang='lat' dir='ltr'>necessitatem</span> <span class='ocrx_word' id='word_1_255' title='bbox 1840 1862 1878 1894; x_wconf 85' lang='lat'>25</span> 
     </span>
     <span class='ocr_line' id='line_1_29' title="bbox 269 1919 1816 1972; baseline -0.002 -10"><span class='ocrx_word' id='word_1_256' title='bbox 269 1921 462 1962; x_wconf 88' lang='lat' dir='ltr'>materie.</span> <span class='ocrx_word' id='word_1_257' title='bbox 526 1919 607 1962; x_wconf 90' lang='lat' dir='ltr'>Set</span> <span class='ocrx_word' id='word_1_258' title='bbox 633 1920 899 1962; x_wconf 88' lang='lat' dir='ltr'>Aristoteles</span> <span class='ocrx_word' id='word_1_259' title='bbox 931 1920 1081 1962; x_wconf 85' lang='lat' dir='ltr'>obviat</span> <span class='ocrx_word' id='word_1_260' title='bbox 1113 1920 1152 1961; x_wconf 93' lang='lat' dir='ltr'>ei</span> <span class='ocrx_word' id='word_1_261' title='bbox 1185 1926 1228 1961; x_wconf 86' lang='lat' dir='ltr'>et</span> <span class='ocrx_word' id='word_1_262' title='bbox 1261 1920 1392 1961; x_wconf 91' lang='lat' dir='ltr'>docet</span> <span class='ocrx_word' id='word_1_263' title='bbox 1425 1920 1544 1972; x_wconf 90' lang='lat' dir='ltr'>quod</span> <span class='ocrx_word' id='word_1_264' title='bbox 1579 1919 1816 1961; x_wconf 88' lang='lat' dir='ltr'>necessitas</span> 
     </span>
     <span class='ocr_line' id='line_1_30' title="bbox 269 1981 1817 2044; baseline -0.001 -13"><span class='ocrx_word' id='word_1_265' title='bbox 269 2004 412 2032; x_wconf 89' lang='lat' dir='ltr'>rerum</span> <span class='ocrx_word' id='word_1_266' title='bbox 449 1991 717 2032; x_wconf 88' lang='lat' dir='ltr'>naturalium</span> <span class='ocrx_word' id='word_1_267' title='bbox 752 1996 818 2031; x_wconf 88' lang='lat' dir='ltr'>est</span> <span class='ocrx_word' id='word_1_268' title='bbox 850 2004 875 2030; x_wconf 90' lang='lat' dir='ltr'>a</span> <span class='ocrx_word' id='word_1_269' title='bbox 906 1990 1000 2031; x_wconf 89' lang='lat' dir='ltr'>fine.</span> <span class='ocrx_word' id='word_1_270' title='bbox 1071 1989 1189 2030; x_wconf 89' lang='lat' dir='ltr'>Finis</span> <span class='ocrx_word' id='word_1_271' title='bbox 1228 1989 1346 2030; x_wconf 89' lang='lat' dir='ltr'>enim</span> <span class='ocrx_word' id='word_1_272' title='bbox 1382 1981 1701 2044; x_wconf 69' lang='lat' dir='ltr'>necessiltatem</span> <span class='ocrx_word' id='word_1_273' title='bbox 1736 1989 1817 2029; x_wconf 90' lang='lat' dir='ltr'>im-</span> 
     </span>
     <span class='ocr_line' id='line_1_31' title="bbox 267 2047 1814 2115; baseline -0.002 -13"><span class='ocrx_word' id='word_1_274' title='bbox 267 2061 395 2115; x_wconf 90' lang='lat' dir='ltr'>ponit</span> <span class='ocrx_word' id='word_1_275' title='bbox 417 2061 492 2112; x_wconf 89' lang='lat' dir='ltr'>eis,</span> <span class='ocrx_word' id='word_1_276' title='bbox 515 2061 657 2114; x_wconf 88' lang='lat' dir='ltr'>qualis</span> <span class='ocrx_word' id='word_1_277' title='bbox 679 2060 795 2101; x_wconf 90' lang='lat' dir='ltr'>enirn</span> <span class='ocrx_word' id='word_1_278' title='bbox 826 2059 923 2101; x_wconf 89' lang='lat' dir='ltr'>finis</span> <span class='ocrx_word' id='word_1_279' title='bbox 952 2066 1018 2101; x_wconf 91' lang='lat' dir='ltr'>est</span> <span class='ocrx_word' id='word_1_280' title='bbox 1044 2059 1143 2101; x_wconf 88' lang='lat' dir='ltr'>talis</span> <span class='ocrx_word' id='word_1_281' title='bbox 1170 2058 1219 2100; x_wconf 86' lang='lat' dir='ltr'>fit</span> <span class='ocrx_word' id='word_1_282' title='bbox 1235 2047 1302 2099; x_wconf 83' lang='lat' dir='ltr'>¹rei</span> <span class='ocrx_word' id='word_1_283' title='bbox 1330 2059 1616 2113; x_wconf 90' lang='lat' dir='ltr'>composicio,</span> <span class='ocrx_word' id='word_1_284' title='bbox 1640 2064 1687 2100; x_wconf 91' lang='lat' dir='ltr'>ut</span> <span class='ocrx_word' id='word_1_285' title='bbox 1709 2058 1814 2112; x_wconf 89' lang='lat' dir='ltr'>quia</span> 
     </span>
     <span class='ocr_line' id='line_1_32' title="bbox 267 2128 1817 2180; baseline -0.002 -8"><span class='ocrx_word' id='word_1_286' title='bbox 267 2132 421 2172; x_wconf 90' lang='lat' dir='ltr'>dentes</span> <span class='ocrx_word' id='word_1_287' title='bbox 454 2130 707 2172; x_wconf 86' lang='lat' dir='ltr'>maxillares</span> <span class='ocrx_word' id='word_1_288' title='bbox 738 2137 842 2172; x_wconf 89' lang='lat' dir='ltr'>sunt</span> <span class='ocrx_word' id='word_1_289' title='bbox 874 2130 977 2171; x_wconf 84' lang='lat' dir='ltr'>facti</span> <span class='ocrx_word' id='word_1_290' title='bbox 1010 2130 1065 2170; x_wconf 91' lang='lat' dir='ltr'>ad</span> <span class='ocrx_word' id='word_1_291' title='bbox 1099 2128 1357 2170; x_wconf 89' lang='lat' dir='ltr'>molendum</span> <span class='ocrx_word' id='word_1_292' title='bbox 1389 2129 1550 2180; x_wconf 89' lang='lat' dir='ltr'>cibum,</span> <span class='ocrx_word' id='word_1_293' title='bbox 1580 2128 1680 2170; x_wconf 89' lang='lat' dir='ltr'>ideo</span> <span class='ocrx_word' id='word_1_294' title='bbox 1712 2134 1817 2170; x_wconf 91' lang='lat' dir='ltr'>sunt</span> 
     </span>
     <span class='ocr_line' id='line_1_33' title="bbox 267 2197 1880 2253; baseline -0.001 -13"><span class='ocrx_word' id='word_1_295' title='bbox 267 2200 357 2251; x_wconf 89' lang='lat' dir='ltr'>lati,</span> <span class='ocrx_word' id='word_1_296' title='bbox 385 2207 427 2242; x_wconf 87' lang='lat' dir='ltr'>et</span> <span class='ocrx_word' id='word_1_297' title='bbox 466 2200 706 2242; x_wconf 87' lang='lat' dir='ltr'>anteriores</span> <span class='ocrx_word' id='word_1_298' title='bbox 739 2206 839 2241; x_wconf 90' lang='lat' dir='ltr'>sunt</span> <span class='ocrx_word' id='word_1_299' title='bbox 875 2199 991 2241; x_wconf 88' lang='lat' dir='ltr'>acuti</span> <span class='ocrx_word' id='word_1_300' title='bbox 1026 2198 1129 2253; x_wconf 90' lang='lat' dir='ltr'>quia</span> <span class='ocrx_word' id='word_1_301' title='bbox 1163 2197 1267 2239; x_wconf 86' lang='lat' dir='ltr'>facti</span> <span class='ocrx_word' id='word_1_302' title='bbox 1301 2205 1403 2239; x_wconf 87' lang='lat' dir='ltr'>sunt</span> <span class='ocrx_word' id='word_1_303' title='bbox 1436 2199 1492 2239; x_wconf 91' lang='lat' dir='ltr'>ad</span> <span class='ocrx_word' id='word_1_304' title='bbox 1527 2197 1815 2239; x_wconf 89' lang='lat' dir='ltr'>dividendum</span> <span class='ocrx_word' id='word_1_305' title='bbox 1837 2210 1880 2242; x_wconf 80' lang='lat'>30</span> 
     </span>
     <span class='ocr_line' id='line_1_34' title="bbox 268 2267 1816 2324; baseline -0.002 -14"><span class='ocrx_word' id='word_1_306' title='bbox 268 2270 427 2320; x_wconf 91' lang='lat' dir='ltr'>cibum,</span> <span class='ocrx_word' id='word_1_307' title='bbox 450 2277 494 2312; x_wconf 91' lang='lat' dir='ltr'>et</span> <span class='ocrx_word' id='word_1_308' title='bbox 522 2269 672 2323; x_wconf 88' lang='lat' dir='ltr'>pluvia</span> <span class='ocrx_word' id='word_1_309' title='bbox 694 2269 743 2310; x_wconf 84' lang='lat' dir='ltr'>fit</span> <span class='ocrx_word' id='word_1_310' title='bbox 772 2277 954 2324; x_wconf 87' lang='lat' dir='ltr'>propter</span> <span class='ocrx_word' id='word_1_311' title='bbox 975 2275 1145 2324; x_wconf 85' lang='lat' dir='ltr'>segetes</span> <span class='ocrx_word' id='word_1_312' title='bbox 1175 2276 1217 2309; x_wconf 89' lang='lat' dir='ltr'>et</span> <span class='ocrx_word' id='word_1_313' title='bbox 1239 2274 1353 2309; x_wconf 87' lang='lat' dir='ltr'>terre</span> <span class='ocrx_word' id='word_1_314' title='bbox 1376 2268 1622 2316; x_wconf 87' lang='lat' dir='ltr'>nascencia,</span> <span class='ocrx_word' id='word_1_315' title='bbox 1639 2274 1688 2318; x_wconf 46' lang='lat' dir='ltr'>‚et</span> <span class='ocrx_word' id='word_1_316' title='bbox 1710 2267 1816 2308; x_wconf 91' lang='lat' dir='ltr'>dicit</span> 
     </span>
     <span class='ocr_line' id='line_1_35' title="bbox 266 2337 1816 2394; baseline -0.001 -14"><span class='ocrx_word' id='word_1_317' title='bbox 266 2339 494 2393; x_wconf 86' lang='lat' dir='ltr'>Averroys</span> <span class='ocrx_word' id='word_1_318' title='bbox 525 2339 644 2393; x_wconf 90' lang='lat' dir='ltr'>quod</span> <span class='ocrx_word' id='word_1_319' title='bbox 681 2340 808 2380; x_wconf 89' lang='lat' dir='ltr'>aliter</span> <span class='ocrx_word' id='word_1_320' title='bbox 845 2344 1150 2394; x_wconf 89' lang='lat' dir='ltr'>corrumpetur</span> <span class='ocrx_word' id='word_1_321' title='bbox 1184 2338 1374 2378; x_wconf 90' lang='lat' dir='ltr'>mundus</span> <span class='ocrx_word' id='word_1_322' title='bbox 1412 2337 1732 2379; x_wconf 89' lang='lat' dir='ltr'>elementorum</span> <span class='ocrx_word' id='word_1_323' title='bbox 1771 2344 1816 2378; x_wconf 86' lang='lat' dir='ltr'>et</span> 
     </span>
     <span class='ocr_line' id='line_1_36' title="bbox 267 2406 1815 2463; baseline -0.003 -14"><span class='ocrx_word' id='word_1_324' title='bbox 267 2409 366 2449; x_wconf 90' lang='lat' dir='ltr'>ideo</span> <span class='ocrx_word' id='word_1_325' title='bbox 402 2415 583 2463; x_wconf 90' lang='lat' dir='ltr'>propter</span> <span class='ocrx_word' id='word_1_326' title='bbox 617 2409 697 2449; x_wconf 91' lang='lat' dir='ltr'>hos</span> <span class='ocrx_word' id='word_1_327' title='bbox 729 2408 835 2450; x_wconf 89' lang='lat' dir='ltr'>fines</span> <span class='ocrx_word' id='word_1_328' title='bbox 869 2408 995 2458; x_wconf 90' lang='lat' dir='ltr'>fiunt,</span> <span class='ocrx_word' id='word_1_329' title='bbox 1029 2415 1073 2449; x_wconf 92' lang='lat' dir='ltr'>et</span> <span class='ocrx_word' id='word_1_330' title='bbox 1111 2421 1199 2449; x_wconf 90' lang='lat' dir='ltr'>non</span> <span class='ocrx_word' id='word_1_331' title='bbox 1238 2413 1419 2461; x_wconf 89' lang='lat' dir='ltr'>propter</span> <span class='ocrx_word' id='word_1_332' title='bbox 1457 2406 1638 2448; x_wconf 89' lang='lat' dir='ltr'>materie</span> <span class='ocrx_word' id='word_1_333' title='bbox 1673 2406 1815 2460; x_wconf 89' lang='lat' dir='ltr'>gravi-</span> 
     </span>
    </p>
   </div>
   <div class='ocr_carea' id='block_1_5' title="bbox 266 2522 1817 2674">
    <p class='ocr_par' dir='ltr' id='par_1_5' title="bbox 266 2522 1817 2674">
     <span class='ocr_line' id='line_1_37' title="bbox 309 2522 1817 2570; baseline -0.002 -12"><span class='ocrx_word' id='word_1_334' title='bbox 309 2529 330 2558; x_wconf 90' lang='grc'><strong>8</strong></span> <span class='ocrx_word' id='word_1_335' title='bbox 353 2530 499 2560; x_wconf 84' lang='lat' dir='ltr'>decimo</span> <span class='ocrx_word' id='word_1_336' title='bbox 517 2533 650 2561; x_wconf 76' lang='lat' dir='ltr'>octavo</span> <span class='ocrx_word' id='word_1_337' title='bbox 668 2531 723 2560; x_wconf 86' lang='lat' dir='ltr'>De</span> <span class='ocrx_word' id='word_1_338' title='bbox 740 2528 997 2570; x_wconf 84' lang='lat' dir='ltr'>Animalibus]</span> <span class='ocrx_word' id='word_1_339' title='bbox 1014 2527 1200 2559; x_wconf 71' lang='lat' dir='ltr'>‘Accidunt</span> <span class='ocrx_word' id='word_1_340' title='bbox 1217 2526 1322 2558; x_wconf 87' lang='lat' dir='ltr'>multa</span> <span class='ocrx_word' id='word_1_341' title='bbox 1334 2530 1487 2557; x_wconf 87' lang='lat' dir='ltr'>monstra</span> <span class='ocrx_word' id='word_1_342' title='bbox 1502 2526 1535 2556; x_wconf 93' lang='lat' dir='ltr'>in</span> <span class='ocrx_word' id='word_1_343' title='bbox 1549 2524 1796 2566; x_wconf 87' lang='lat' dir='ltr'>vegetabilibus</span> <span class='ocrx_word' id='word_1_344' title='bbox 1809 2522 1817 2536; x_wconf 87' lang='lat'>’</span> 
     </span>
     <span class='ocr_line' id='line_1_38' title="bbox 268 2578 1816 2622; baseline -0.001 -12"><span class='ocrx_word' id='word_1_345' title='bbox 268 2579 304 2619; x_wconf 79' lang='lat' dir='ltr'>(s.</span> <span class='ocrx_word' id='word_1_346' title='bbox 325 2581 367 2619; x_wconf 84' lang='lat'>63</span> <span class='ocrx_word' id='word_1_347' title='bbox 384 2591 403 2611; x_wconf 90' lang='lat' dir='ltr'>a</span> <span class='ocrx_word' id='word_1_348' title='bbox 421 2582 455 2622; x_wconf 78' lang='lat'>2)</span> <span class='ocrx_word' id='word_1_349' title='bbox 475 2581 528 2612; x_wconf 87' lang='lat' dir='ltr'>ed.</span> <span class='ocrx_word' id='word_1_350' title='bbox 545 2581 632 2612; x_wconf 90' lang='lat' dir='ltr'>Ven.</span> <span class='ocrx_word' id='word_1_351' title='bbox 656 2582 751 2620; x_wconf 85' lang='lat'>1508.</span> <span class='ocrx_word' id='word_1_352' title='bbox 866 2582 908 2611; x_wconf 88' lang='lat'>26</span> <span class='ocrx_word' id='word_1_353' title='bbox 932 2580 1150 2622; x_wconf 79' lang='lat' dir='ltr'>Aristotles]</span> <span class='ocrx_word' id='word_1_354' title='bbox 1168 2580 1297 2620; x_wconf 75' lang='lat' dir='ltr'>Plzysic.</span> <span class='ocrx_word' id='word_1_355' title='bbox 1317 2579 1337 2610; x_wconf 92' lang='lat' dir='ltr'>l.</span> <span class='ocrx_word' id='word_1_356' title='bbox 1359 2578 1391 2619; x_wconf 79' lang='lat' dir='ltr'>ii,</span> <span class='ocrx_word' id='word_1_357' title='bbox 1412 2589 1439 2610; x_wconf 78' lang='lat' dir='ltr'>c.</span> <span class='ocrx_word' id='word_1_358' title='bbox 1457 2580 1511 2618; x_wconf 87' lang='lat'>87.</span> <span class='ocrx_word' id='word_1_359' title='bbox 1634 2587 1675 2617; x_wconf 86' lang='lat'>32</span> <span class='ocrx_word' id='word_1_360' title='bbox 1699 2580 1816 2609; x_wconf 82' lang='lat' dir='ltr'>Aver-</span> 
     </span>
     <span class='ocr_line' id='line_1_39' title="bbox 266 2633 753 2674; baseline 0.006 -12"><span class='ocrx_word' id='word_1_361' title='bbox 266 2633 370 2674; x_wconf 84' lang='lat' dir='ltr'>roys]</span> <span class='ocrx_word' id='word_1_362' title='bbox 389 2633 482 2664; x_wconf 84' lang='lat' dir='ltr'>Pln&#39;s.</span> <span class='ocrx_word' id='word_1_363' title='bbox 502 2634 522 2664; x_wconf 90' lang='lat' dir='ltr'>l.</span> <span class='ocrx_word' id='word_1_364' title='bbox 543 2633 577 2673; x_wconf 85' lang='lat' dir='ltr'>ii,</span> <span class='ocrx_word' id='word_1_365' title='bbox 597 2644 683 2665; x_wconf 90' lang='lat' dir='ltr'>com.</span> <span class='ocrx_word' id='word_1_366' title='bbox 701 2644 753 2674; x_wconf 83' lang='lat'>77.</span> 
     </span>
    </p>
   </div>
   <div class='ocr_carea' id='block_1_6' title="bbox 266 2735 1816 2832">
    <p class='ocr_par' dir='ltr' id='par_1_6' title="bbox 266 2735 1816 2832">
     <span class='ocr_line' id='line_1_40' title="bbox 309 2735 1816 2781; baseline -0.001 -12"><span class='ocrx_word' id='word_1_367' title='bbox 309 2740 329 2769; x_wconf 89' lang='lat'><strong>6</strong></span> <span class='ocrx_word' id='word_1_368' title='bbox 353 2740 500 2781; x_wconf 87' lang='lat' dir='ltr'>accidat]</span> <span class='ocrx_word' id='word_1_369' title='bbox 519 2741 643 2772; x_wconf 83' lang='lat' dir='ltr'>accidit</span> <span class='ocrx_word' id='word_1_370' title='bbox 659 2740 693 2770; x_wconf 83' lang='lat' dir='ltr'><em>F</em></span> <span class='ocrx_word' id='word_1_371' title='bbox 887 2741 906 2770; x_wconf 88' lang='grc'>8</span> <span class='ocrx_word' id='word_1_372' title='bbox 931 2739 1039 2781; x_wconf 88' lang='lat' dir='ltr'>quod]</span> <span class='ocrx_word' id='word_1_373' title='bbox 1057 2740 1135 2779; x_wconf 88' lang='lat' dir='ltr'>quia</span> <span class='ocrx_word' id='word_1_374' title='bbox 1154 2739 1194 2769; x_wconf 83' lang='lat' dir='ltr'><em>M</em></span> <span class='ocrx_word' id='word_1_375' title='bbox 1389 2746 1428 2767; x_wconf 90' lang='lat'>10</span> <span class='ocrx_word' id='word_1_376' title='bbox 1453 2736 1536 2777; x_wconf 79' lang='lat' dir='ltr'>non]</span> <span class='ocrx_word' id='word_1_377' title='bbox 1553 2737 1646 2776; x_wconf 89' lang='lat' dir='ltr'>quod</span> <span class='ocrx_word' id='word_1_378' title='bbox 1664 2746 1733 2768; x_wconf 89' lang='lat' dir='ltr'>non</span> <span class='ocrx_word' id='word_1_379' title='bbox 1751 2735 1816 2766; x_wconf 83' lang='lat' dir='ltr'>FD</span> 
     </span>
     <span class='ocr_line' id='line_1_41' title="bbox 266 2789 1623 2832; baseline -0.002 -10"><span class='ocrx_word' id='word_1_380' title='bbox 266 2790 326 2832; x_wconf 86' lang='lat' dir='ltr'>sit]</span> <span class='ocrx_word' id='word_1_381' title='bbox 344 2792 380 2823; x_wconf 84' lang='lat' dir='ltr'>fit</span> <span class='ocrx_word' id='word_1_382' title='bbox 399 2791 441 2821; x_wconf 89' lang='lat' dir='ltr'><em>M</em></span> <span class='ocrx_word' id='word_1_383' title='bbox 525 2794 588 2824; x_wconf 88' lang='lat' dir='ltr'>nisi</span> <span class='ocrx_word' id='word_1_384' title='bbox 606 2803 671 2824; x_wconf 86' lang='lat' dir='ltr'>om.</span> <span class='ocrx_word' id='word_1_385' title='bbox 692 2792 726 2822; x_wconf 87' lang='lat' dir='ltr'><em>F</em></span> <span class='ocrx_word' id='word_1_386' title='bbox 879 2794 983 2831; x_wconf 88' lang='lat'><em>16-17</em></span> <span class='ocrx_word' id='word_1_387' title='bbox 1009 2793 1164 2824; x_wconf 86' lang='lat' dir='ltr'>similiter</span> <span class='ocrx_word' id='word_1_388' title='bbox 1180 2796 1213 2822; x_wconf 87' lang='lat' dir='ltr'>et</span> <span class='ocrx_word' id='word_1_389' title='bbox 1232 2801 1250 2822; x_wconf 87' lang='lat' dir='ltr'>e</span> <span class='ocrx_word' id='word_1_390' title='bbox 1267 2789 1455 2831; x_wconf 79' lang='lat' dir='ltr'>contrario]</span> <span class='ocrx_word' id='word_1_391' title='bbox 1474 2789 1574 2820; x_wconf 81' lang='lat' dir='ltr'>aliter</span> <span class='ocrx_word' id='word_1_392' title='bbox 1589 2789 1623 2819; x_wconf 91' lang='lat' dir='ltr'><em>D</em></span> 
     </span>
    </p>
   </div>
  </div>
 </body>
</html>
