1934 3152
39 546 56 577 5

818 145 874 191 55

81 246 375 302 compositum
409 254 607 302 respectu
640 250 996 304 compositorum.
1059 250 1204 292 Primo
1238 249 1370 304 igitur
1400 251 1612 305 probatur

79 317 285 371 primum,
315 316 490 367 scilicet,
522 318 640 371 quod
673 332 759 360 non
792 325 858 360 est
890 333 976 360 una
1007 333 1200 363 numero.
1263 321 1435 362 Dicitur
1471 321 1612 375 igitur,

78 384 199 437 quod
225 390 292 425 est
320 397 407 426 una
428 397 609 425 numero
630 386 868 426 secundum
892 387 1129 428 essenciam
1155 392 1222 428 set
1250 399 1336 427 non
1368 388 1609 428 secundum

76 467 186 496 esse.
246 453 325 495 Set
348 467 442 495 esse
463 453 531 494 vel
554 459 620 495 est
642 455 817 508 propria
838 456 984 510 passio
1010 456 1133 505 entis,
1154 455 1222 497 vel
1246 456 1383 509 magis
1405 457 1607 498 essencie.

77 521 157 564 Set
186 522 362 578 propria
393 523 538 577 passio
570 531 824 565 numeratur
852 525 908 566 ad
940 525 1294 567 numeracionem
1325 525 1390 566 sui
1421 525 1608 579 subjecti

77 598 120 632 et
157 605 181 632 e
211 605 433 634 converso.
494 590 617 645 Quot
653 592 769 633 enim
801 600 904 634 sunt
941 593 1118 635 risibilia
1152 600 1221 635 tot
1255 601 1356 636 sunt
1391 594 1606 645 homines,

76 665 119 699 et
156 664 268 713 'quot
309 657 556 701 caliditates
606 659 718 712 ignis
767 665 834 701 tot
875 660 1008 714 ignes,
1049 674 1155 714 ergo
1195 662 1386 702 essencia
1427 663 1608 703 materie

75 727 384 778 numerabitur,
415 728 526 770 sicut
561 743 654 770 esse
685 729 777 782 ejus
815 730 857 770 in
894 730 1087 771 diversis.
1150 730 1245 772 Nec
1280 737 1424 784 potest
1460 731 1607 786 aliquo

75 797 210 839 modo
237 796 341 851 fingi
372 798 492 851 quod
524 797 630 839 illud
663 812 757 840 esse
794 799 849 840 sit
881 798 1161 851 accidentale,
1198 800 1300 853 quia
1325 800 1516 841 nascitur
1548 815 1606 842 ex

17 891 56 914 10
74 866 217 908 forma
256 866 333 909 tali
374 866 624 922 perficiente
664 882 778 918 eam,
820 875 925 910 tunc
966 869 1080 909 enim
1129 870 1271 909 omnis
1312 870 1451 911 forma
1491 877 1606 912 esset

12 1237 49 1269 15

12 1591 50 1614 20

73 936 355 979 accidentalis
396 937 589 978 materie.
650 937 698 980 Si
747 951 852 992 ergo
898 938 1037 978 forma
1081 938 1386 980 substancialis
1436 939 1605 993 perficit

74 1007 305 1047 materiam
327 1007 370 1047 in
392 1005 612 1060 subjectis,
634 1014 809 1062 oportet
838 1008 958 1061 quod
982 1020 1075 1048 esse
1104 1007 1211 1048 illud
1234 1007 1288 1049 sit
1314 1008 1606 1051 substanciale

72 1082 115 1117 et
137 1076 386 1118 essenciale.
439 1075 722 1130 Quapropter
741 1077 797 1118 ad
818 1076 1171 1118 numeracionem
1193 1077 1287 1130 ejus
1310 1079 1608 1120 numerabitur

71 1145 322 1187 substancia
342 1160 416 1186 seu
439 1145 632 1187 essencia
656 1146 848 1195 materie,
865 1145 934 1186 vel
953 1145 988 1186 si
1010 1159 1098 1186 una
1120 1159 1302 1187 numero
1322 1153 1389 1188 est
1412 1149 1606 1190 essencia

72 1215 266 1264 materie,
294 1229 429 1256 unum
461 1228 642 1257 numero
675 1215 755 1256 erit
788 1228 894 1256 esse.
957 1214 1007 1257 Si
1038 1228 1143 1268 ergo
1174 1222 1343 1269 ponunt
1376 1218 1603 1259 materiam

71 1298 165 1327 esse
188 1298 320 1326 unam
346 1298 529 1326 numero
556 1285 600 1325 in
630 1285 835 1333 essencia‚
865 1284 947 1326 erit
976 1297 1063 1325 una
1092 1298 1274 1326 numero
1305 1285 1347 1325 in
1373 1299 1480 1327 esse.
1544 1287 1606 1329 Et

69 1354 174 1409 quia
222 1354 374 1396 vident
421 1355 540 1408 quod
587 1354 643 1395 sit
689 1353 959 1408 impossibile
1006 1354 1125 1407 quod
1178 1355 1360 1396 materia
1410 1356 1466 1396 sit
1520 1370 1606 1398 una

69 1437 253 1465 numero
293 1425 337 1465 in
378 1438 484 1473 esse,
526 1423 794 1478 impossibile
835 1429 901 1465 est
941 1424 1059 1477 quod
1101 1423 1157 1465 sit
1197 1437 1284 1464 una
1319 1438 1500 1467 numero
1529 1425 1533 1481 Ῑ
1561 1427 1602 1467 in

68 1494 272 1536 essencia.

129 1563 242 1605 Item
265 1563 301 1604 si
330 1562 371 1604 in
394 1561 592 1616 pluribus
622 1568 687 1604 est
716 1576 803 1604 una
831 1576 1014 1604 numero
1043 1568 1091 1604 ut
1120 1562 1287 1613 dicitur,
1313 1570 1488 1617 oportet
1510 1579 1604 1607 esse

69 1633 110 1674 in
133 1632 311 1675 infinitis
332 1632 367 1673 si
394 1639 550 1674 essent.
613 1632 682 1673 Ita
708 1632 850 1686 arguit
864 1632 1130 1674 Aristoteles
1152 1632 1345 1687 capitulo
1367 1633 1422 1674 de
1437 1633 1603 1684 Vacuo,

67 1702 170 1756 quia
206 1703 242 1744 si
274 1702 439 1756 aliquid
472 1716 607 1744 unum
644 1708 790 1756 potest
826 1715 921 1744 esse
951 1702 994 1743 in
1031 1703 1214 1754 duobus,
1243 1702 1398 1744 eadem
1431 1703 1604 1745 racione

68 1772 112 1812 in
144 1772 295 1823 tribus,
318 1778 362 1814 et
391 1779 594 1826 quatuor,
616 1779 659 1813 et
686 1772 728 1812 in
756 1772 962 1822 infinitis;
993 1778 1262 1826 quapropter
1284 1771 1467 1813 materia
1489 1779 1602 1813 esset

68 1841 233 1896 equalis
255 1842 366 1891 Deo,
390 1849 434 1883 et
456 1842 516 1883 ita
539 1848 652 1883 esset
676 1842 858 1882 materia
882 1842 1017 1892 Deus,
1040 1841 1159 1894 quod
1182 1847 1248 1882 est
1269 1840 1552 1894 impossibile.

127 1911 176 1953 Si
197 1911 254 1953 ad
282 1911 365 1953 hoc
392 1911 563 1953 dicatur
590 1911 709 1965 quod
740 1911 923 1952 materia
948 1924 1035 1951 non
1060 1916 1246 1964 equatur
1272 1910 1383 1960 Deo,
1412 1910 1514 1964 quia
1543 1925 1600 1952 ex

67 1987 329 2035 argumento
364 1980 485 2022 dicto
522 1994 609 2021 non
647 1981 845 2034 sequitur
880 1980 999 2033 quod
1038 1979 1219 2021 materie
1255 1979 1447 2021 essencia
1485 1988 1600 2021 esset

65 2049 248 2101 infinita,
268 2057 336 2092 set
366 2050 568 2103 potencia
589 2050 695 2103 ejus,
717 2056 760 2091 et
788 2049 869 2090 hec
892 2055 958 2089 est
987 2048 1172 2102 passiva,
1193 2054 1261 2090 set
1290 2048 1374 2089 Dei
1395 2050 1600 2102 potencia

65 2125 132 2160 est
167 2119 322 2169 activa,
358 2125 402 2160 et
436 2132 515 2160 sua
547 2118 751 2173 potencia
782 2124 848 2160 est
888 2131 966 2159 sua
1007 2118 1227 2168 essencia3
1269 2118 1441 2158 racione
1483 2119 1597 2160 enim

65 2188 266 2242 potencie
296 2188 468 2241 passive
494 2194 642 2242 potest
668 2187 861 2230 essencia
890 2201 976 2228 una
1004 2200 1185 2228 numero
1214 2200 1308 2229 esse
1336 2187 1378 2227 in
1401 2187 1598 2240 pluribus

108 2286 147 2321 εἰ
174 2292 340 2328 capitulo
358 2293 404 2322 de
419 2290 564 2332 Vacuo]
582 2289 792 2321 Phisicorum
810 2290 829 2321 1.
849 2289 892 2331 iv,
911 2300 940 2321 c.
959 2291 1000 2329 76
1019 2291 1027 2307 ‘
1042 2289 1084 2320 Et
1107 2288 1135 2320 si
1159 2289 1259 2320 suerit
1282 2289 1444 2330 possibile
1468 2295 1503 2321 ut
1529 2291 1597 2322 duo

65 2343 134 2374 sint
165 2343 198 2374 in
229 2343 292 2374 hac
324 2342 561 2383 dispositione,
590 2342 670 2382 quid
702 2342 804 2383 igitur
835 2342 996 2383 prohibet
1027 2346 1064 2372 ut
1095 2342 1128 2374 in
1158 2342 1280 2373 eodem
1311 2342 1386 2373 loco
1416 2342 1485 2373 sint
1516 2348 1598 2382 quot

65 2396 280 2436 posuerimus
297 2395 332 2425 in
350 2405 492 2426 numero
505 2397 516 2427 3
530 2397 538 2412 '

108 2500 128 2520 2
151 2490 296 2532 scilicet]
314 2491 472 2521 videlicet
490 2490 524 2521 D
656 2489 775 2531 igitur]
793 2499 876 2529 ergo
892 2489 926 2520 D
1100 2501 1119 2529 4
1144 2488 1312 2530 essencie]
1330 2489 1516 2520 essenciale
1533 2489 1596 2520 FD

4 2543 8 2547 '
65 2552 87 2583 5
108 2542 178 2584 sui]
195 2542 247 2574 sui
263 2543 392 2583 proprii
407 2542 443 2573 D
587 2553 604 2582 7
630 2542 728 2584 quot]
745 2547 827 2582 quot
844 2548 923 2574 sunt
939 2541 975 2572 D
1119 2552 1157 2573 12
1181 2541 1372 2582 materiam]
1391 2547 1543 2572 naturam
1560 2542 1596 2573 D

64 2594 242 2636 subjectis]
260 2595 460 2627 substaneiis
478 2595 511 2625 F
762 2603 867 2633 14-15
890 2594 945 2626 vel
961 2617 969 2626 .
991 2619 998 2626 .
1015 2617 1022 2624 .
1041 2595 1182 2625 materie
1198 2605 1264 2626 om.
1282 2594 1319 2631 F,
1337 2593 1415 2625 add.
1433 2594 1467 2624 in
1485 2605 1593 2635 marg.

68 2648 107 2679 16
128 2657 268 2678 numero
283 2657 350 2678 om.
363 2647 398 2678 D
486 2646 577 2689 esse]
596 2656 673 2678 esse
690 2646 836 2678 omnium
852 2646 886 2676 F
1028 2647 1130 2686 16-17
1155 2646 1198 2677 Et
1216 2645 1309 2688 quia]
1328 2646 1412 2678 Cum
1431 2657 1514 2687 ergo
1530 2646 1596 2678 FD

68 2709 106 2739 17
130 2699 246 2730 vident
261 2699 370 2741 quod]
387 2699 503 2731 vident
519 2700 610 2739 quod
627 2699 654 2730 si
670 2698 704 2729 F
806 2699 895 2738 quod
913 2698 1053 2730 materia
1069 2709 1136 2730 om.
1153 2698 1189 2729 D
1348 2709 1392 2730 20
1413 2699 1481 2740 est]
1499 2699 1542 2730 sit
1559 2699 1595 2730 D

64 2761 106 2783 22
128 2761 206 2783 esse
221 2762 286 2782 om.
306 2751 349 2782 M
493 2762 535 2791 23
560 2752 594 2781 in
612 2750 769 2793 infinitis]
787 2755 901 2783 cetera
916 2750 951 2781 D
1103 2760 1144 2790 25
1170 2749 1224 2792 Si]
1242 2751 1304 2783 Set
1320 2750 1355 2782 F
1444 2750 1593 2793 dicatur]

66 2803 180 2835 dicunt
196 2803 230 2834 F
369 2804 412 2835 26
435 2802 544 2845 esset]
561 2804 604 2836 sit
620 2803 683 2835 FD
824 2813 865 2843 27
892 2802 974 2845 Dei]
992 2803 1112 2835 dicitur
1127 2803 1162 2834 D
1304 2804 1346 2834 28
1369 2803 1473 2846 enim]
1491 2803 1594 2844 igitur

0 2848 1 2855 ἵ
65 2855 110 2888 F.-
135 2855 238 2895 igitur
252 2865 315 2887 sue
330 2854 366 2886 D

1625 1437 1746 1477 14b2.
