1934 3152
841 157 896 204 57

102 282 179 310 sua
211 266 347 320 finita,
379 266 461 308 erit
492 280 569 308 sua
601 266 805 321 potencia
837 265 992 307 melior
1025 278 1102 306 sua
1134 262 1383 305 substancia
1417 267 1461 303 et
1496 261 1635 314 major

104 345 148 380 et
188 337 430 392 potenci01·‚
468 335 571 390 quia
612 335 852 377 nobilitatis
893 342 955 377 est
997 349 1089 376 esse
1130 333 1172 374 in
1215 332 1420 387 pluribus,
1463 338 1507 373 et
1548 344 1635 372 non

103 407 280 448 limitari
313 419 391 447 nec
419 405 617 457 coartari,
642 405 685 445 in
715 404 1044 446 similitudinem
1073 402 1275 458 potencie
1304 401 1462 442 divine.
1524 400 1635 442 Cum

105 477 237 530 igitur
273 489 330 516 ex
366 488 517 516 eorum
554 475 776 528 posicione
816 481 1022 529 sequatur
1056 473 1175 528 quod
1217 471 1419 526 potencia
1456 469 1637 510 materie

64 562 84 594 5
106 553 171 587 est
192 559 296 586 vere
326 543 495 585 infinita
525 544 748 594 intensive,
774 551 822 585 ut
854 544 1090 598 probatum
1124 549 1200 590 est,
1232 547 1275 582 et
1301 553 1416 581 nunc
1442 538 1638 592 sequitur

103 616 137 656 si
152 613 364 669 ,potencia
387 614 569 655 materie
590 620 654 655 est
683 613 863 665 infinita,
885 621 930 655 et
957 612 1207 655 substancia
1235 611 1327 665 ejus
1348 610 1427 652 erit
1456 607 1639 658 infinita,

104 698 210 738 ergo
233 684 416 725 materia
439 683 667 738 equabitur
690 683 803 735 Deo,
825 683 941 738 quod
965 690 1029 724 est
1052 683 1266 723 insanum.

166 855 413 911 Capitulum
449 862 520 905 4¹¹¹.
581 856 628 897 in
660 870 739 909 quo
761 854 979 909 probatur
1012 852 1126 907 quod
1162 851 1413 905 dzfferencz'e
1452 848 1640 903 speczfice
1658 852 1696 884 F·
1716 853 1757 893 89
1775 853 1797 884 b
1816 862 1843 882 2*

104 925 332 966 adduntur
359 925 421 966 ad
446 926 677 966 essenciam
703 925 885 966 materie
905 924 1055 978 prime
1086 929 1136 963 ut
1157 923 1218 963 sic
1246 920 1502 962 ostendatur
1529 919 1643 973 quod

45 1010 84 1034 10
101 996 163 1037 sz't
181 996 420 1036 communis
438 996 551 1037 sicut
560 1009 704 1048 genus
715 994 1102 1048 generalissimum
1123 991 1410 1045 compositum.

164 1099 338 1140 Deinde
369 1106 514 1153 potest
549 1113 647 1153 pars
685 1099 876 1140 secunda
906 1097 1088 1146 ostendi,
1119 1095 1292 1145 scilicet,
1325 1093 1443 1148 quod
1478 1092 1640 1134 habeat

105 1167 379 1210 differencias
419 1182 496 1222 per
537 1182 646 1223 quas
686 1169 906 1209 dividatur
947 1172 990 1208 et
1031 1164 1306 1220 specificatur
1346 1164 1457 1204 sicut
1497 1162 1640 1203 forma

106 1245 150 1281 et
179 1239 488 1292 compositum.
552 1237 774 1292 Quoniam
805 1238 887 1278 ista
915 1250 1008 1278 esse
1038 1236 1207 1276 diversa
1234 1247 1318 1287 que
1341 1233 1640 1273 attribuuntur

107 1309 288 1349 materie
330 1322 428 1349 cum
473 1308 560 1349 sint
604 1321 695 1348 esse
743 1306 983 1348 materialia
1030 1311 1072 1346 et
1124 1317 1210 1345 non
1256 1301 1553 1350 accidentalia,
1593 1306 1641 1341 ut

48 1379 88 1432 15'
107 1379 225 1434 prius
260 1379 497 1432 probatum
534 1384 611 1428 est,
648 1376 864 1419 debentur
901 1376 1084 1417 materie
1120 1387 1197 1428 per
1230 1373 1334 1414 alias
1371 1370 1642 1412 differencias

106 1447 418 1490 substanciales
439 1448 610 1489 additas
631 1461 762 1500 supra
783 1447 1022 1488 essenciam
1045 1444 1239 1486 materie.
1293 1441 1372 1483 Set
1393 1440 1642 1482 differencie

105 1517 418 1560 substanciales
438 1524 538 1559 sunt
559 1516 773 1571 specifice,
790 1530 894 1570 ergo
911 1515 1160 1557 differencie
1175 1512 1374 1567 specifice
1397 1509 1643 1552 materiales

107 1588 330 1629 adduntur
356 1588 413 1628 ad
445 1589 688 1639 materiam,
709 1600 842 1641 quare
871 1585 1006 1627 habet
1032 1583 1304 1626 differencias
1330 1579 1643 1622 substanciales

107 1657 332 1712 specificas
368 1672 445 1713 per
480 1671 587 1712 quas
622 1658 831 1698 dividitur
871 1663 915 1697 et
951 1654 1239 1710 specificatur,
1280 1653 1391 1693 sicut
1423 1652 1562 1692 forma
1600 1656 1643 1690 et

49 1748 91 1770 20
108 1728 415 1782 compositum.
498 1727 594 1769 Nec
634 1727 752 1769 valet
797 1727 939 1768 dicere
989 1725 1108 1780 quod
1149 1725 1231 1764 ista
1273 1734 1432 1777 genere
1474 1720 1644 1760 diversa

109 1804 341 1839 causentur
356 1812 380 1838 a
398 1798 647 1839 diversitate
664 1796 901 1838 formarum
925 1794 1237 1850 specificarum,
1259 1792 1361 1846 quia
1383 1803 1471 1831 non
1489 1789 1645 1842 loquor

110 1869 165 1909 de
181 1882 310 1909 causa
326 1867 528 1910 effectiva
547 1869 794 1910 extrinseca
811 1867 993 1908 istorum
1011 1879 1116 1916 esse,
1132 1863 1209 1905 sed
1227 1864 1282 1904 de
1298 1862 1358 1903 eis
1376 1867 1420 1903 et
1437 1859 1644 1901 essencia-

109 1937 208 1978 liter
228 1945 272 1979 et
293 1938 548 1980 intrinsecus
568 1936 726 1991 loquor
747 1938 802 1978 de
824 1936 1075 1978 diversitate
1100 1935 1281 1975 istorum
1304 1944 1408 1979 esse,
1436 1929 1645 1983 quoniam

110 2008 144 2048 si
173 2014 316 2049 essent
347 2008 606 2062 accidencia,
635 2008 736 2049 licet
769 2012 1051 2048 causarentur
1073 2019 1098 2045 a
1118 2003 1269 2044 formis
1300 1998 1520 2054 specificis,
1549 2004 1645 2038 tan-

52 2095 90 2127 25
111 2091 245 2132 quam
268 2091 294 2118 a
315 2078 456 2118 causis
483 2083 623 2128 extra,
648 2084 797 2118 tamen
820 2077 862 2117 in
891 2090 937 2116 se
966 2075 1175 2116 haberent
1203 2084 1354 2113 causas
1382 2066 1646 2116 essenciales,

111 2147 286 2198 scilicet,
327 2146 596 2188 differencias
637 2148 701 2188 sui
743 2147 922 2201 generis,
963 2159 1068 2199 ergo
1108 2141 1304 2184 similiter
1338 2153 1364 2180 a
1400 2145 1524 2193 parte
1566 2138 1646 2177 ista

112 2217 333 2271 loquendo
361 2217 416 2258 de
445 2217 536 2259 istis
565 2230 656 2258 esse
679 2217 858 2258 materie
887 2217 930 2256 in
951 2229 997 2256 se
1018 2220 1062 2256 et
1089 2212 1328 2254 secundum
1350 2223 1408 2258 se,
1433 2221 1532 2250 cum
1560 2219 1647 2247 non

112 2281 198 2327 sint
230 2287 492 2338 accidencia,
520 2294 647 2328 erunt
677 2286 926 2328 differencie
953 2282 1266 2326 substanciales
1296 2279 1478 2321 materie
1509 2284 1553 2319 et
1585 2278 1647 2317 ita

111 2362 238 2397 erunt
259 2355 465 2411 specifice.

158 2457 173 2478 1
198 2457 260 2479 sua
278 2447 391 2490 finita]
409 2458 440 2478 m
463 2447 547 2478 terie
565 2448 659 2479 finita
674 2447 709 2478 D
833 2448 901 2479 erit
917 2445 994 2486 sua]
1012 2445 1076 2477 erit
1092 2454 1158 2475 una
1174 2442 1209 2473 D
1386 2450 1405 2470 2
1429 2437 1524 2479 esse]
1544 2446 1647 2478 posse

112 2509 192 2531 esse
207 2500 272 2531 FD
466 2509 487 2539 3
511 2500 642 2542 divine]
661 2500 754 2531 Haec
767 2501 863 2532 verba
880 2498 956 2530 add.
976 2498 1011 2529 in
1029 2507 1136 2538 marg.
1153 2496 1189 2527 D
1206 2497 1214 2514 ‘
1230 2494 1297 2526 Hic
1314 2503 1423 2534 pauca
1440 2492 1565 2522 desunt
1580 2499 1648 2529 que

113 2552 284 2584 habentur
300 2552 334 2583 in
351 2552 438 2584 libro
454 2554 544 2593 quod
561 2554 604 2584 de
622 2553 800 2593 principiis
817 2557 938 2584 nature
956 2551 1084 2583 edidit?
1321 2547 1342 2576 6
1365 2545 1410 2587 si]
1430 2544 1521 2584 quod
1537 2543 1564 2573 si
1582 2541 1646 2573 FD

114 2616 132 2646 7
157 2605 331 2646 insanum]
350 2605 442 2637 Haec
454 2606 551 2637 verba
568 2606 645 2638 add.
664 2606 697 2637 F
716 2611 725 2625 ⁶
741 2606 808 2637 Hic
831 2605 945 2637 deficit
966 2614 1070 2635 unum
1093 2601 1266 2634 dimidium
1290 2598 1408 2631 solium
1429 2601 1463 2628 et
1484 2606 1589 2636 quere
1614 2595 1648 2626 in

112 2657 269 2696 originali
285 2658 328 2690 ad
344 2659 407 2690 hoc
423 2658 583 2699 signum.’
688 2660 776 2690 8-10
800 2658 838 2689 In
857 2682 863 2689 .
883 2683 890 2690 .
909 2681 916 2688 .
935 2655 1157 2696 compositum
1174 2665 1241 2685 om.
1260 2652 1295 2683 D
1437 2660 1477 2681 10
1500 2658 1651 2680 commu-

115 2709 184 2751 nis]
202 2720 383 2742 commune
400 2711 434 2742 F
587 2722 626 2743 12
650 2709 884 2752 specificatur]
902 2707 1166 2750 specificeturF
1302 2702 1425 2745 forma]
1443 2700 1649 2743 potenciaD

118 2771 157 2800 14
181 2763 385 2806 materialia]
403 2763 644 2796 substancialia
660 2764 694 2794 in
712 2774 819 2804 marg.
836 2762 869 2793 F
968 2762 1006 2792 16
1029 2759 1148 2801 supra]
1166 2757 1314 2799 superD
1437 2765 1481 2786 20
1504 2753 1646 2794 genere]

115 2824 192 2845 esse
208 2815 271 2845 FD
458 2827 500 2847 22
523 2827 622 2848 causa
638 2828 702 2848 om.
721 2816 756 2847 D
932 2813 1089 2855 istorum]
1105 2813 1238 2844 illorum
1255 2810 1290 2842 D
1458 2806 1524 2849 eis]
1541 2806 1606 2838 hiis
1623 2806 1655 2836 F

83 2875 89 2878 ·
115 2876 158 2906 23
180 2867 341 2909 istorum]
357 2869 489 2900 illorum
506 2869 541 2900 D
672 2872 715 2901 26
738 2866 910 2909 similiter]
926 2866 1127 2908 simpliciter
1142 2864 1177 2896 D
