1934 3152
1033 91 1117 119 100

291 208 425 248 super
446 196 634 237 formam
656 194 909 249 specificam
939 193 1041 235 facit
1072 192 1361 241 individuum,
1383 191 1494 234 sicut
1520 198 1588 234 est
1610 192 1849 248 solempnis

291 265 454 320 opinio,
494 273 542 308 ut
585 265 751 321 species
794 264 1090 319 multiplicata
1131 278 1210 319 per
1250 263 1444 305 diversas
1491 263 1700 305 materias
1741 262 1849 306 fiant

291 335 464 377 diversa
500 335 738 387 individua,
771 335 883 376 sicut
916 334 1104 388 ydolum
1136 334 1181 374 in
1210 333 1392 388 speculo
1426 333 1476 374 fit
1511 333 1637 388 plura
1667 333 1848 387 quando

289 404 505 460 frangitur
540 406 768 461 speculum
804 405 847 445 in
882 410 1031 459 partes
1069 404 1278 446 diversas.
1342 403 1595 445 Dicendum
1629 409 1695 445 est
1728 403 1847 457 quod

290 475 375 517 ista
403 476 539 517 verba
566 474 681 517 male
710 475 991 530 adaptantur.
1055 474 1176 515 Nam
1204 486 1357 515 verum
1389 480 1454 515 est
1483 474 1601 528 quod
1632 486 1848 528 generans
1869 493 1886 525 5

290 558 380 587 non
422 552 489 588 est
530 559 744 599 generans
786 544 908 587 aliud
949 559 976 586 a
1018 557 1065 586 se
1107 543 1187 584 nisi
1231 550 1412 598 propter
1464 544 1695 586 materiam
1737 544 1848 585 indi-

289 615 512 657 vidualem
543 614 676 656 aliam
703 629 790 657 non
820 621 1000 670 propter
1028 614 1231 669 speciem.
1298 613 1418 655 Nam
1448 615 1615 669 species
1643 621 1709 656 est
1731 627 1848 656 com-

291 685 434 727 munis
474 685 704 740 generanti
748 692 792 727 et
829 691 1053 741 generato,
1086 690 1377 726 veruntamen
1420 683 1490 726 hic
1533 684 1718 726 materia
1759 697 1848 725 non

288 761 470 797 vocatur
501 763 632 811 prout
665 763 732 798 est
760 756 901 798 altera
930 769 1032 810 pars
1057 754 1306 809 compositi,
1338 767 1420 796 nec
1448 761 1581 809 prout
1607 761 1673 797 est
1699 753 1845 808 subje-

288 833 409 868 ctum
440 826 483 866 in
514 827 822 881 generacione‚
859 832 925 867 set
963 825 1101 867 tercio
1133 813 1280 872 modo,
1320 830 1453 878 prout
1483 824 1590 867 illud
1623 825 1743 879 quod
1779 831 1846 867 est
1869 842 1909 865 10

289 895 627 938 fundamentum
660 895 849 950 alicujus
881 896 925 936 in
955 910 1045 949 quo
1075 894 1304 945 consistat,
1326 895 1490 937 dicitur
1521 909 1616 937 esse
1647 888 1845 946 materia,

288 972 337 1007 ut
367 966 620 1020 subjectum
652 974 718 1008 est
751 966 936 1008 materia
965 966 1009 1007 in
1038 979 1127 1019 qua
1158 972 1224 1006 est
1246 965 1462 1015 accidens,
1485 972 1528 1008 et
1559 971 1675 1008 certe
1696 965 1758 1008 sic
1778 971 1844 1008 θεῖ

287 1036 563 1079 individuum
608 1037 794 1078 materia
835 1037 878 1077 in
921 1050 1010 1090 qua
1051 1042 1118 1077 est
1159 1035 1406 1076 universale
1442 1037 1562 1089 quod
1600 1042 1667 1077 est
1701 1035 1845 1078 simile

287 1106 516 1148 accidenti.
583 1107 717 1149 Unde
753 1120 907 1149 sensus
945 1106 1061 1148 illius
1098 1105 1219 1147 verbi
1257 1106 1313 1147 de
1351 1109 1396 1160 7⁰
1432 1113 1498 1148 est
1532 1107 1654 1160 quod
1690 1105 1845 1148 alietas

288 1176 526 1218 numeralis
564 1191 652 1219 non
694 1184 761 1219 est
803 1184 987 1232 propter
1024 1181 1229 1218 naturam
1261 1175 1515 1231 specificam
1554 1183 1621 1218 set
1663 1183 1846 1230 propter
1867 1193 1905 1225 15

287 1252 492 1289 naturam
542 1247 859 1288 individualem
910 1260 997 1301 que
1046 1252 1228 1288 vocatur
1274 1246 1470 1298 materia,
1519 1247 1625 1300 quia
1671 1246 1844 1288 substat

287 1322 445 1358 nature
473 1315 692 1371 specifice,
721 1323 766 1358 et
796 1317 870 1358 illa
891 1324 1076 1358 vocatur
1104 1316 1257 1366 forma,
1281 1316 1383 1370 quia
1413 1317 1595 1359 advenit
1622 1316 1844 1372 posterius

285 1392 331 1428 et
352 1386 478 1428 inest.
541 1386 601 1428 Et
629 1387 788 1429 eodem
812 1388 948 1428 modo
970 1386 1232 1441 intelligitur
1254 1385 1362 1427 illud
1386 1386 1572 1428 verbum
1594 1386 1664 1427 De
1689 1385 1783 1430 Celo
1802 1392 1847 1428 et

285 1455 473 1509 Illmzdo,
494 1456 600 1510 quia
618 1457 802 1498 materia
824 1456 985 1498 dicitur
1008 1456 1175 1498 ibidem
1199 1457 1386 1498 materia
1400 1457 1680 1499 individualis
1694 1457 1738 1498 in
1752 1470 1842 1510 qua

287 1533 352 1568 est
383 1526 525 1567 forma
551 1526 758 1581 specifica
787 1526 972 1577 celestis,
995 1532 1039 1568 et
1069 1539 1156 1567 non
1187 1533 1254 1568 est
1282 1527 1469 1569 materia
1490 1541 1577 1581 que
1606 1534 1672 1569 est
1701 1526 1841 1569 altera
1863 1543 1903 1565 20

285 1610 390 1650 pars
430 1597 678 1651 compositi,
722 1610 865 1652 neque
911 1611 999 1651 que
1041 1602 1106 1638 est
1148 1596 1399 1650 subjectum
1441 1597 1756 1652 generacionis,
1792 1603 1840 1639 ut

284 1666 480 1720 objeccio
517 1667 753 1721 pretendit,
784 1673 829 1709 et
865 1666 926 1708 sic
960 1665 1098 1708 multe
1130 1667 1414 1708 auctoritates
1445 1667 1531 1708 alie
1567 1655 1747 1709 currunt
1783 1668 1839 1709 de

285 1735 471 1778 materia
493 1743 538 1778 et
559 1736 711 1777 forma.
777 1736 839 1778 Et
861 1749 963 1778 cum
985 1736 1178 1790 allegant
1200 1750 1277 1790 per
1300 1736 1505 1779 Boetium
1528 1738 1648 1791 quod
1671 1738 1839 1792 species

284 1812 352 1847 est
383 1811 529 1848 totum
562 1820 657 1848 esse
694 1806 1036 1855 individuorum,
1068 1806 1305 1847 dicendum
1343 1807 1463 1860 quod
1495 1821 1590 1849 esse
1623 1807 1838 1849 individui

284 1875 456 1931 duplex
478 1882 556 1927 est,
580 1890 715 1918 unum
746 1883 813 1918 est
841 1876 1095 1918 absolutum
1126 1876 1370 1917 secundum
1401 1891 1479 1918 sua
1507 1877 1724 1932 principia
1751 1891 1838 1932 que
1859 1894 1898 1925 25

284 1946 590 2000 ingrediuntur
626 1960 753 1989 suam
793 1946 1045 1995 essenciam‚
1085 1952 1128 1987 et
1164 1946 1226 1986 sic
1268 1947 1435 2000 species
1478 1961 1566 1989 non
1602 1954 1706 1990 sunt
1742 1961 1837 1990 esse

284 2016 511 2065 individui,
544 2015 665 2058 aliud
702 2022 770 2058 est
807 2016 1048 2058 secundum
1085 2004 1587 2072 composicionem⁸ejus
1623 2018 1680 2060 ad
1717 2017 1838 2059 aliud

285 2085 562 2127 individuum
605 2086 648 2127 in
689 2100 779 2140 quo
817 2086 1021 2128 convenit
1062 2085 1332 2133 naturaliter,
1375 2093 1419 2128 et
1456 2086 1563 2129 illud
1601 2101 1697 2130 esse
1732 2088 1836 2130 facit

260 2156 467 2210 .species.
530 2156 591 2197 Et
629 2170 729 2198 cum
757 2155 763 2211 Ι
792 2162 981 2210 querunt
1023 2155 1128 2209 quid
1171 2155 1253 2198 erit
1288 2169 1419 2198 causa
1457 2157 1836 2209 individuacionis,

285 2225 321 2266 si
370 2239 449 2268 nec
495 2225 664 2280 species
714 2239 793 2268 nec
841 2225 1008 2280 aliquid
1057 2225 1261 2266 additum
1309 2226 1472 2280 speciei
1515 2234 1667 2270 causat
1707 2241 1897 2276 eamz30

284 2295 561 2349 querendum
594 2302 660 2337 est
692 2295 837 2349 primo
869 2296 925 2337 ab
947 2295 1010 2337 eis
1040 2294 1147 2349 quid
1170 2302 1238 2337 est
1270 2309 1401 2337 causa
1428 2297 1779 2349 universalitatis,
1798 2298 1833 2339 si

285 2378 364 2406 nec
387 2364 664 2406 individuum
684 2378 762 2406 nec
780 2364 948 2419 aliquid
966 2364 1166 2406 additum
1189 2365 1245 2406 ad
1264 2364 1407 2419 ipsum
1426 2366 1559 2409 faciat
1577 2367 1834 2409 universale.

287 2433 379 2476 Ista
395 2435 572 2488 questio
595 2441 661 2476 est
683 2434 832 2484 stulta,
850 2449 949 2477 cum
974 2435 1185 2489 supponit
1207 2435 1338 2476 nichil
1361 2435 1481 2478 aliud
1506 2450 1636 2490 posse
1658 2436 1834 2492 reperiri

285 2505 407 2557 quod
444 2511 597 2547 causat
629 2505 903 2546 individuum
942 2505 1022 2546 nisi
1059 2504 1226 2559 species
1264 2512 1307 2546 et
1341 2505 1507 2560 aliquid
1541 2520 1641 2548 cum
1675 2507 1830 2562 specie.

286 2574 407 2616 Nam
444 2574 581 2616 habet
618 2588 697 2615 sua
733 2575 948 2630 principia
983 2574 1220 2629 singularia
1258 2575 1552 2630 ingrediencia
1590 2578 1832 2618 essenciam
1853 2592 1892 2625 35

285 2656 427 2693 suam,
460 2643 572 2685 sicut
604 2644 848 2686 universale
878 2644 1014 2686 habet
1048 2643 1317 2685 universalia.
1384 2644 1444 2686 Et
1477 2645 1510 2686 si
1546 2647 1742 2699 queritur
1778 2647 1834 2688 de

286 2712 507 2768 principiis
535 2713 635 2764 illis,
663 2721 710 2755 ut
744 2715 927 2756 materia
958 2721 1001 2755 et
1029 2713 1182 2766 forma,
1209 2714 1316 2766 quid
1343 2715 1399 2755 sit
1430 2728 1563 2756 causa
1589 2716 1836 2758 individua-

693 2799 714 2829 6
739 2799 936 2841 materiam]
955 2804 1108 2830 naturam
1126 2797 1168 2828 M
1180 2809 1261 2831 corr.
1281 2799 1315 2829 in
1335 2810 1441 2841 marg.
