1934 3152
145 309 269 342 28b1.

154 2337 277 2370 28b2.

1020 56 1102 96 104

290 160 427 212 nobis,
449 167 515 202 set
538 173 626 202 non
647 161 860 201 sentimus
890 174 991 201 cum
1018 160 1237 211 volumus,
1261 161 1364 215 quia
1395 174 1461 201 res
1489 156 1718 214 sensibiles
1746 170 1833 199 non

289 237 390 271 sunt
419 244 592 284 semper
619 230 748 272 nobis
778 235 1025 283 presentes:
1063 231 1121 271 ad
1149 243 1326 272 sensum
1353 230 1469 272 enirn
1493 243 1617 271 mora
1642 227 1803 283 speciei
1828 225 1832 281 Ι

288 301 534 355 requiritur,
570 307 637 342 set
674 313 763 341 non
800 306 948 340 manet
985 299 1192 344 insensu
1226 300 1270 340 in
1306 300 1513 342 absencia
1546 298 1833 355 sensibilium,

288 377 331 412 et
369 371 467 412 ideo
509 383 662 412 sensus
704 382 791 410 non
833 369 967 410 sentit
1008 369 1091 410 nisi
1133 371 1313 423 quando
1354 377 1456 411 sunt
1496 374 1724 424 presentes
1766 381 1835 409 res

287 440 527 481 sensibiles.
590 439 668 482 Set
690 439 856 493 species
886 439 1007 493 apud
1029 438 1303 482 intellectum
1330 445 1528 497 moratur
1554 439 1598 480 in
1628 438 1836 479 absencia
1855 454 1872 486 5

288 511 361 562 rei,
387 517 431 552 et
454 510 553 552 ideo
576 522 810 563 possumus
833 508 1078 564 intelligere
1099 523 1199 550 curn
1221 509 1437 551 volumus.

347 579 481 634 Quod
511 585 660 621 autem
686 579 827 634 magis
850 579 956 620 dicit
978 579 1240 621 universalia
1263 593 1358 621 esse
1380 580 1423 620 in
1452 579 1589 629 nobis,
1610 577 1835 633 loquendo

287 652 342 690 de
383 649 613 703 speciebus
657 649 988 700 universalibus,
1037 663 1171 703 quam
1217 649 1466 704 singularia,
1509 648 1733 703 loquendo
1779 648 1836 689 de

286 719 582 773 singularibus
619 718 870 772 speciebus,
906 732 1007 760 cum
1047 725 1233 772 utreque
1269 720 1355 760 sint
1393 720 1513 773 apud
1550 718 1837 770 intellectum,

288 797 331 831 et
365 802 453 830 non
487 795 674 842 possunt
706 802 801 830 esse
837 788 1089 830 substancie
1120 789 1385 830 universales
1416 789 1511 830 sine
1541 788 1837 843 singularibus

289 858 543 913 speciebu53
586 858 704 900 racio
741 865 818 909 est,
856 859 960 913 quia
999 859 1244 900 universale
1281 864 1349 900 est
1386 858 1527 913 magis
1562 857 1838 912 intelligibile

288 944 313 970 a
339 929 466 970 nobis
498 943 631 983 quam
663 929 896 982 singulare,
924 943 978 970 eo
1009 930 1129 983 quod
1162 930 1218 971 ab
1250 943 1338 969 uno
1370 928 1578 983 singulari
1609 941 1697 969 non
1718 927 1838 969 venit

289 1000 370 1039 nisi
403 1013 481 1040 sua
513 999 681 1053 species
715 998 962 1053 singulariS,
993 1013 1073 1054 per
1103 1013 1238 1053 quam
1271 998 1544 1053 intelligitur,
1577 1005 1642 1040 set
1673 1012 1698 1040 a
1726 1012 1836 1051 quo-

289 1070 395 1111 libet
416 1069 623 1124 singulari
644 1069 765 1110 venit
793 1082 879 1110 una
908 1070 1077 1124 species
1105 1069 1361 1110 universalis
1391 1083 1491 1110 cum
1521 1069 1666 1123 specie
1689 1068 1837 1122 singu-

290 1139 379 1189 lari,
394 1145 439 1180 et
462 1140 562 1180 ideo
580 1139 896 1193 multiplicatur
911 1140 1079 1193 speeies
1097 1139 1354 1180 universalis
1373 1139 1415 1180 in
1431 1139 1592 1189 anima,
1609 1145 1653 1180 et
1675 1138 1774 1180 ideo
1789 1137 1840 1180 fit

290 1210 449 1250 sorcior
470 1216 513 1250 et
536 1210 767 1263 potencior
788 1210 845 1250 ad
862 1210 947 1251 hoc
968 1217 1018 1252 ut
1039 1223 1118 1263 per
1140 1224 1238 1251 eam
1262 1209 1559 1263 intelligamus
1583 1208 1840 1260 universale,

291 1287 335 1321 et
365 1280 466 1321 ideo
496 1279 759 1321 universalia
782 1286 996 1321 vocantur
1026 1280 1204 1334 objecta
1236 1278 1496 1321 intellectus.
1561 1278 1642 1321 Set
1663 1278 1748 1320 hoc
1773 1284 1840 1319 est

290 1363 369 1405 per
399 1350 754 1391 antonomasiam
786 1363 874 1390 non
906 1363 984 1404 per
1015 1350 1315 1391 exclusionem
1347 1348 1592 1404 singularis,
1625 1354 1669 1389 et
1700 1348 1839 1390 eciam

292 1419 497 1461 debilitas
518 1419 764 1462 intellectus
785 1419 829 1460 in
849 1419 932 1461 hac
952 1420 1044 1461 vita
1065 1426 1272 1473 operatur
1293 1420 1350 1461 ad
1373 1419 1466 1461 hoc.
1519 1420 1638 1460 Nam
1659 1424 1841 1473 propter

292 1503 391 1531 eam
423 1489 670 1531 intellectus
700 1490 839 1544 magis
868 1489 1169 1531 conformatur
1198 1490 1258 1530 rei
1290 1489 1426 1530 debili
1459 1503 1544 1543 que
1573 1495 1640 1530 est
1674 1489 1840 1530 univer-

291 1559 392 1609 sale,
434 1573 568 1614 quarn
616 1560 674 1601 rei
717 1573 803 1613 que
852 1559 1043 1601 multum
1091 1559 1225 1600 habet
1268 1560 1324 1601 de
1365 1573 1471 1611 esse,
1520 1566 1566 1600 ut
1609 1558 1842 1613 singulare,

291 1636 334 1671 et
357 1630 455 1671 ideo
476 1635 581 1671 nata
606 1635 672 1670 est
700 1630 827 1671 nobis
849 1630 921 1671 via
949 1629 1243 1683 cognoscendi
1266 1643 1292 1670 a
1313 1629 1503 1670 confusis
1533 1630 1589 1670 ad
1619 1629 1841 1677 distincta,

293 1701 349 1740 ab
372 1700 692 1742 universalibus
715 1700 770 1741 ad
794 1700 1086 1754 particularia,
1107 1700 1219 1740 sicut
1244 1699 1509 1741 Aristoteles
1531 1699 1673 1748 docet,
1697 1698 1841 1753 primo

289 1768 582 1812 Plzz'sz‘cornm.
645 1770 763 1811 Nam
796 1784 882 1823 que
917 1775 1019 1811 sunt
1061 1769 1258 1811 maxime
1289 1769 1559 1823 cognicionis
1600 1769 1842 1810 secundum

291 1853 350 1891 se,
373 1846 473 1881 sunt
497 1839 678 1880 minime
704 1840 975 1895 cognicionis
1003 1839 1122 1894 apud
1147 1852 1240 1892 nos,
1262 1846 1310 1880 ut
1339 1840 1432 1894 ipse
1456 1839 1573 1890 dicit,
1596 1843 1640 1890 7⁰
1662 1838 1840 1880 Metlca-
1863 1858 1877 1878 ,ι

283 1909 460 1964 plzz'sz'ce.
525 1909 598 1952 Sic
634 1910 767 1964 igitur
804 1909 1088 1965 intelligenda
1119 1915 1184 1950 est
1215 1909 1454 1951 auctoritas
1492 1907 1759 1959 Aristotelis,
1797 1914 1842 1949 et

295 1992 381 2020 non
404 1979 562 2020 accidit
591 1979 757 2033 aliquid
780 1986 934 2021 contra
954 1968 1185 2021 veritatem
1220 1993 1363 2021 rerum
1394 1979 1702 2020 universalium
1732 1991 1843 2032 quas

295 2049 499 2103 ponimus
537 2049 579 2089 in
616 2049 910 2103 singularibus
947 2049 1039 2090 sine
1076 2049 1254 2090 anima:
1299 2049 1359 2090 Et
1399 2063 1457 2090 ex
1499 2049 1581 2090 hac
1617 2047 1842 2090 solucione

294 2125 419 2171 patet
461 2118 659 2159 exclusio
708 2119 944 2173 posicionis
987 2119 1154 2160 famose
1203 2119 1258 2160 de
1300 2118 1524 2160 intellectu
1567 2117 1840 2172 angelorum.

298 2187 416 2228 Nam
461 2187 702 2242 solempnis
745 2189 914 2243 posicio
957 2196 1022 2230 est
1065 2189 1184 2242 quod
1222 2189 1390 2241 species
1433 2187 1698 2229 universales
1740 2192 1842 2228 sunt

298 2259 414 2311 apud
454 2271 531 2299 eos
567 2271 655 2299 non
691 2258 946 2313 singulares,
983 2266 1026 2300 et
1067 2272 1145 2313 per
1186 2258 1534 2312 applicacionem
1573 2254 1839 2311 multarum}

298 2328 541 2380 specierum
560 2328 871 2370 universalium
892 2328 1136 2371 adinvicem
1156 2328 1348 2382 concipit
1370 2328 1553 2381 angelus
1570 2319 1841 2368 intellectum

299 2398 354 2437 de
380 2397 588 2450 singulari
619 2398 703 2440 isto
725 2398 794 2439 vel
827 2398 916 2440 illo.
993 2397 1280 2439 Manifestum
1308 2404 1373 2438 est
1402 2398 1518 2438 enim
1548 2411 1605 2438 ex
1626 2396 1710 2437 hoc
1742 2396 1842 2437 loco

299 2473 342 2506 et
381 2481 438 2507 ex
472 2473 662 2510 tractatu
696 2467 765 2509 De
802 2467 1027 2522 Speciebus
1063 2467 1183 2522 quod
1219 2480 1305 2508 non
1337 2473 1402 2508 est
1436 2468 1509 2518 ita,
1543 2479 1642 2508 narn
1674 2465 1842 2519 species

1859 805 1899 827 10

1863 1507 1902 1529 20

1862 2205 1904 2238 30

301 2536 564 2578 universales
615 2551 702 2579 non
751 2545 933 2592 possunt
982 2551 1074 2579 esse
1123 2538 1214 2578 sine
1260 2537 1553 2590 singularibus
1601 2535 1841 2589 speciebus,
1862 2551 1903 2585 35

299 2605 460 2646 deinde
497 2606 590 2660 ipsa
631 2607 875 2660 applicacio
912 2606 1217 2650 universalium
1260 2619 1347 2648 non
1389 2611 1537 2660 potest
1578 2605 1719 2646 facere
1760 2604 1842 2645 nisi

298 2682 586 2728 aggregatum
611 2677 867 2718 universale.
929 2676 1008 2719 Set
1037 2675 1278 2718 universale
1306 2689 1394 2717 non
1424 2681 1569 2728 potest
1592 2674 1842 2729 exprimere

298 2742 527 2797 singulare,
562 2746 673 2787 sicut
708 2747 823 2786 enim
861 2747 1103 2788 universale
1139 2760 1216 2801 per
1253 2743 1513 2786 universalia
1550 2744 1842 2798 cognoscitur,
