1934 3152
1090 110 1131 150 vi

1783 230 1889 258 PAGE

386 285 478 328 Cap.
497 293 529 326 4.
558 283 596 317 in
624 294 697 328 quo
724 283 903 328 probatur
929 282 1030 327 quod
1057 282 1271 318 differencie
1299 283 1475 328 specifice
1501 283 1693 317 adduntur
1718 281 1767 317 ad

430 341 639 377 essenciam
658 341 812 376 materie
836 341 955 386 prime
979 348 1016 376 ut
1042 341 1095 376 sic
1119 342 1338 377 ostendatur
1361 341 1461 388 quod
1487 342 1534 376 sit
1557 342 1768 377 communis

432 400 527 435 sicut
544 410 663 444 genus
681 399 1009 444 generalissimum
1028 401 1281 445 compositum
1329 427 1336 434 .
1438 428 1445 435 .
1484 407 1488 409 “
1545 428 1552 435 .
1652 427 1660 435 .
1713 441 1719 444 .
1759 428 1766 436 .
1845 408 1887 446 57

337 492 548 529 Distinccio
573 491 740 527 secunda
766 492 811 527 de
833 492 1060 538 quibusdam
1083 492 1166 528 aliis
1193 504 1264 538 que
1283 493 1471 537 pertinent
1491 493 1540 528 ad
1559 493 1768 537 materiam,

432 551 699 598 privacionem,
718 558 754 586 et
771 550 946 585 formam.

387 623 479 667 Cap.
503 630 531 656 Ι.
559 620 747 666 quomodo
783 626 819 654 et
853 619 916 654 ubi
951 619 988 654 in
1022 620 1269 663 generacione
1305 621 1524 656 substancie
1559 620 1770 656 inveniatur

433 680 554 726 primo
573 679 730 714 materia
747 679 926 714 naturalis
1007 704 1014 712 .
1115 706 1122 713 .
1224 706 1231 712 .
1331 706 1340 714 .
1441 706 1448 714 .
1547 706 1554 714 .
1654 705 1663 713 .
1759 708 1766 715 .
1843 680 1886 725 65

386 741 477 785 Cap.
498 748 529 773 2.
558 739 605 773 de
623 737 885 783 assignacione
904 737 1015 773 trium
1034 737 1299 783 principiorum
1316 744 1448 774 nature
1546 765 1553 772 .
1652 766 1658 773 .
1760 764 1769 774 ,
1843 739 1889 783 69

387 800 478 844 Cap.
499 808 529 842 3.
558 797 605 833 de
622 797 754 840 forma,
772 796 863 843 quid
882 796 927 832 sit
1015 823 1022 831 .
1121 823 1130 832 .
1227 822 1235 830 .
1443 823 1451 831 .
1549 824 1556 832 .
1656 824 1664 833 .
1763 825 1771 833 .
1845 807 1889 842 72

386 858 479 902 Cap.
499 866 534 900 4.
560 857 607 891 de
621 855 837 901 privacione
851 862 888 890 et
904 854 1087 900 potenciis
1100 854 1255 889 materie
1267 855 1364 890 etde
1379 855 1594 891 racionibus
1610 855 1771 892 semina-

431 916 528 951 libus
574 943 581 950 .
683 942 690 949 .
899 942 905 949 .
1007 941 1014 948 .
1116 941 1124 948 .
1223 940 1230 948 .
1332 941 1338 948 .
1441 941 1447 949 .
1547 942 1555 950 .
1655 941 1663 949 .
1737 958 1740 963 ,
1761 942 1769 950 .
1845 923 1888 959 77

387 977 479 1020 Cap.
502 983 532 1020 5.
562 974 608 1009 de
628 973 771 1019 figurali
790 973 1043 1019 disposicione
1061 971 1216 1007 materie
1234 973 1353 1007 forme
1371 979 1408 1007 et
1427 973 1625 1018 compositi
1653 1000 1661 1008 .
1760 1001 1767 1009 .
1801 981 1804 983 ’
1845 974 1890 1009 86

387 1036 479 1080 Cap.
497 1034 532 1069 6.
560 1033 749 1079 quomodo
783 1033 953 1079 predicta
992 1038 1147 1077 possunt
1190 1031 1326 1067 clarius
1365 1031 1483 1067 videri
1524 1043 1591 1078 per
1629 1032 1770 1068 dictam

433 1093 655 1129 divisionem
684 1120 690 1127 .
792 1120 798 1126 .
900 1120 907 1126 .
1007 1119 1013 1126 .
1116 1117 1123 1124 .
1223 1119 1229 1125 .
1333 1117 1341 1125 .
1440 1117 1448 1126 .
1547 1118 1555 1126 .
1656 1119 1664 1126 .
1761 1119 1769 1127 .
1845 1101 1891 1137 90

339 1185 574 1234 (Distinccio
592 1183 744 1231 tercia.)

386 1259 478 1304 Cap.
502 1255 573 1303 <ι>
593 1265 626 1300 7.
654 1257 701 1291 de
720 1255 1012 1290 universalibus.
1113 1282 1120 1289 .
1222 1280 1230 1288 .
1329 1281 1336 1289 .
1440 1280 1448 1288 .
1547 1282 1555 1290 .
1654 1282 1663 1290 .
1761 1282 1769 1290 .
1845 1265 1890 1301 92

387 1317 476 1361 Cap.
498 1313 568 1362 (2)
591 1315 623 1349 8.
651 1315 698 1349 de
715 1313 952 1359 exposicione
969 1312 1232 1348 auctoritatum
1251 1312 1289 1347 in
1309 1312 1537 1348 contrarium
1652 1341 1659 1348 .
1761 1341 1768 1349 .
1845 1315 1891 1359 96

385 1377 478 1421 Cap.
501 1373 571 1421 <3>
593 1384 627 1419 9.
653 1375 701 1409 de
719 1385 833 1409 causa
850 1371 1162 1408 individuacionis
1229 1397 1238 1406 .
1335 1398 1343 1407 .
1442 1398 1450 1407 .
1550 1399 1558 1406 .
1655 1399 1664 1408 .
1762 1402 1770 1409 .
1845 1374 1890 1419 98

387 1437 477 1481 Cap.
501 1432 571 1480 <4>
597 1444 651 1469 10.
681 1434 726 1468 de
745 1433 867 1468 causis
885 1431 1175 1467 universalitatis
1225 1458 1232 1466 .
1329 1459 1337 1466 .
1437 1458 1444 1465 .
1545 1459 1552 1466 .
1651 1457 1662 1467 .
1762 1460 1769 1468 .
1824 1441 1888 1469 101

339 1528 548 1564 Distinccio
567 1534 698 1574 quarta
716 1527 763 1561 de
781 1532 916 1561 natura
934 1531 970 1560 et
989 1524 1112 1559 modis
1131 1523 1221 1569 ejus.

386 1599 477 1643 Cap.
503 1608 531 1632 1.
559 1597 607 1632 de
625 1603 760 1631 natura
776 1607 843 1641 per
862 1593 1148 1641 separacionem
1167 1592 1246 1638 ejus
1266 1593 1313 1627 ab
1333 1592 1519 1629 intellectu
1541 1619 1549 1628 .
1648 1621 1655 1629 .
1759 1623 1766 1630 .
1823 1596 1889 1631 108

387 1659 480 1703 Cap.
499 1666 529 1692 2.
558 1656 605 1692 de
623 1662 756 1691 natura
773 1653 995 1700 explicanda
1014 1652 1221 1688 secundum
1240 1650 1511 1687 diffinicionem
1529 1652 1741 1690 Aristotelis
1760 1681 1768 1689 .
1823 1663 1886 1689 111

388 1717 482 1760 Cap.
503 1724 535 1759 3.
564 1715 611 1749 de
629 1720 763 1749 natura
780 1712 1000 1758 explicanda
1019 1709 1227 1746 secundum
1246 1709 1512 1746 diffinicionem
1536 1711 1662 1747 Boecii
1762 1739 1770 1747 .
1825 1721 1887 1756 117

339 1807 553 1843 Distinccio
584 1806 716 1852 quinta
747 1806 794 1840 de
826 1804 1001 1840 omnibus
1028 1802 1152 1839 causis
1175 1802 1409 1838 naturalibus
1432 1809 1468 1838 et
1489 1814 1554 1848 per
1579 1815 1619 1839 se
1641 1810 1678 1840 et
1704 1815 1770 1850 per

432 1866 619 1902 accidens.

388 1937 478 1982 Cap.
501 1945 530 1971 1.
558 1936 606 1971 de
624 1935 810 1970 divisione
828 1945 940 1970 cause
959 1934 996 1968 in
1015 1940 1174 1979 quatuor
1192 1933 1324 1969 modos
1343 1932 1508 1968 famosos
1542 1960 1550 1968 .
1651 1962 1660 1970 .
1757 1962 1766 1970 .
1821 1944 1884 1971 121

387 1996 478 2039 Cap.
499 2005 534 2029 2.
560 1995 607 2030 de
625 2000 711 2029 octo
729 1993 851 2028 modis
871 2003 1072 2043 causarum!
1111 2019 1118 2027 .
1219 2019 1226 2026 .
1327 2018 1335 2026 .
1435 2019 1442 2026 .
1543 2018 1552 2027 .
1651 2020 1659 2028 .
1758 2021 1765 2029 .
1823 2003 1888 2038 124

387 2055 479 2098 Cap.
500 2064 531 2098 3.
560 2054 607 2089 de
625 2065 713 2088 casu
732 2059 768 2088 et
786 2052 935 2087 fortuna
952 2058 988 2087 et
1007 2051 1231 2094 casualibus,
1249 2057 1285 2086 et
1303 2051 1461 2086 fortuitis
1520 2073 1527 2082 -
1542 2077 1552 2086 2
1651 2078 1659 2086 .
1757 2079 1765 2088 .
1821 2062 1889 2098 130

387 2115 479 2159 Cap.
498 2123 531 2156 4.
559 2113 605 2148 de
629 2111 870 2157 exposicione
888 2110 1111 2146 intencionis
1137 2117 1280 2153 nature,
1299 2116 1335 2145 et
1359 2111 1548 2156 quomodo
1573 2109 1766 2155 intentum,

434 2172 586 2215 scilicet,
621 2171 705 2206 finis
740 2170 897 2216 imponit
932 2169 1199 2205 necessitatem
1229 2169 1341 2204 rebus
1371 2169 1603 2206 naturalibus
1632 2181 1717 2206 cum
1747 2182 1767 2206 e

433 2242 613 2267 converso
632 2230 695 2265 fiat
713 2230 751 2265 in
770 2229 950 2265 doctrinis
998 2256 1005 2263 .
1106 2255 1114 2262 .
1216 2255 1222 2262 .
1323 2255 1331 2263 .
1431 2254 1439 2263 .
1538 2257 1548 2266 .
1647 2256 1655 2265 .
1756 2256 1764 2265 .
1820 2239 1884 2274 134
