1934 3152
33 553 51 584 5

13 893 53 916 10

15 1595 54 1617 20

15 2292 56 2323 30

821 141 870 182 81

71 269 97 297 a
119 261 244 309 parte
268 255 461 305 materie,
479 260 523 296 et
545 255 751 297 coincidit
769 269 868 298 cum
892 271 955 309 ea,
974 270 1061 298 non
1078 270 1179 299 cum
1198 257 1339 300 forma
1355 262 1616 313 generanda,

70 330 118 365 ut
139 323 233 365 vult
256 323 523 366 Aristoteles
546 325 688 379 primo
711 325 1003 368 Plcz‘sz'cornm.
1066 325 1145 368 Set
1165 341 1252 368 uno
1276 329 1411 370 modo
1434 336 1498 371 est
1522 331 1614 384 ejus

70 393 247 448 propria
276 393 436 448 passio,
458 394 635 445 scilicet,
664 395 807 449 primo
838 397 972 438 modo
1001 396 1131 449 dicta,
1159 397 1246 438 alio
1276 398 1411 439 modo
1443 406 1510 441 est
1540 415 1616 442 sua

69 463 276 514 esseneia,
299 469 344 506 et
366 463 409 504 in
429 463 516 505 hoc
540 471 606 505 est
629 465 821 518 quedam
844 465 1107 514 differenda,
1130 468 1251 520 quod
1275 468 1459 510 materia
1479 475 1528 511 ut
1549 477 1615 512 est

70 533 241 588 privata
263 539 308 575 et
330 533 374 574 in
394 534 601 588 potencia
621 534 782 576 dicitur
810 536 1016 589 privaci0‚
1039 543 1107 578 set
1133 542 1181 577 ut
1210 538 1453 580 secundum
1479 552 1526 580 se
1552 546 1617 580 est

70 602 219 657 aliqua
241 608 397 644 natura
417 603 635 654 absoluta,
657 604 819 645 dicitur
842 605 1036 646 materia.
1099 606 1196 648 Nec
1218 612 1284 648 est
1306 607 1619 650 inconveniens

72 675 149 715 sed
167 673 459 715 necessarium
477 673 658 715 omnino
680 674 801 728 quod
817 674 900 715 hoc
924 675 1149 716 materiale
1165 676 1427 731 principium
1444 684 1488 718 et
1511 691 1620 732 pura

72 743 254 785 materia
279 743 443 785 habeat
471 743 665 798 aliquem
694 750 858 795 actum,
892 744 1070 796 scilicet,
1101 747 1339 800 appetendi
1366 760 1491 788 suam
1522 761 1617 802 per-

70 813 340 864 feccionem3
383 813 467 855 hoc
502 813 618 854 enim
652 814 839 855 debetur
879 828 956 856 sue
997 815 1190 856 essencie
1231 829 1317 869 que
1354 823 1421 858 est
1463 823 1618 858 natura

71 882 255 924 actualis
287 889 330 924 et
352 897 453 924 vera
475 889 676 925 creatura
703 881 708 938 Ι
736 884 937 938 quamvis
962 884 1214 938 inperfecta,
1237 890 1281 925 et
1304 892 1369 927 est
1398 885 1468 926 hic
1494 892 1618 928 actus

71 953 316 993 communis
342 952 462 993 omni
491 958 700 1004 creature,
722 954 871 995 omnia
899 954 1014 995 enim
1043 953 1211 995 bonum
1233 968 1361 996 suum
1390 961 1619 1010 appetunt,

72 1028 120 1062 ut
152 1022 248 1064 vult
282 1021 550 1065 Aristoteles
586 1023 630 1063 in
663 1023 848 1076 Etleicis,
873 1029 917 1064 et
948 1025 1010 1064 ita
1042 1023 1155 1066 bene
1191 1025 1398 1066 convenit
1436 1025 1618 1066 materie

73 1091 183 1133 sicut
205 1091 356 1141 forme,
379 1093 582 1146 quamvis
605 1092 649 1133 in
674 1092 770 1134 aliis
792 1093 999 1146 operibus
1029 1094 1211 1135 materia
1233 1107 1319 1136 non
1350 1095 1618 1136 concedatur

73 1161 399 1203 communicare
433 1175 536 1203 cum
570 1161 723 1213 forma,
761 1164 879 1204 unde
921 1169 1076 1204 neutra
1115 1164 1270 1206 harum
1314 1165 1615 1219 potenciarum

72 1232 271 1286 principii
294 1232 534 1274 materialis
557 1233 716 1274 dicitur
736 1234 880 1275 activa
902 1233 1102 1276 effective
1123 1241 1168 1276 et
1189 1235 1538 1285 transmutative‚
1569 1242 1616 1276 ut

74 1302 244 1355 possint
266 1302 435 1344 efficere
467 1303 510 1343 in
542 1303 727 1344 materia
752 1304 1191 1346 transmutacionem.
1267 1304 1348 1346 Set
1377 1304 1522 1346 solum
1551 1305 1618 1345 di-

72 1362 229 1412 cuntur
245 1372 318 1422 sic,
335 1372 439 1426 quia
453 1378 601 1414 actum
618 1373 855 1427 appetendi
876 1374 1252 1428 complementum
1270 1380 1451 1428 possunt
1466 1373 1621 1415 elicere

72 1440 140 1481 vel
168 1441 390 1495 expedire,
423 1448 467 1483 et
495 1442 599 1496 quia
629 1443 714 1485 hoc
745 1448 876 1485 sonat
908 1443 952 1483 in
980 1443 1271 1493 nobilitatem,
1303 1444 1403 1486 ideo
1435 1450 1619 1485 vocatur

74 1511 282 1564 potencia
302 1512 446 1553 activa
469 1513 526 1554 ab
548 1519 650 1554 actu
672 1514 924 1567 appetendi.
988 1512 1197 1555 Ceterum
1222 1514 1417 1556 essencia
1439 1514 1621 1556 materie

74 1580 285 1623 naturalis
307 1582 469 1623 dicitur
493 1584 637 1624 activa
669 1591 714 1625 et
742 1583 907 1626 habere
935 1584 1187 1638 potenciam
1218 1584 1408 1626 activam
1443 1590 1622 1638 propter

74 1650 376 1693 actualitatem
412 1666 490 1693 sue
525 1654 716 1694 essencie
749 1660 794 1696 et
828 1661 982 1695 nature
1014 1654 1314 1708 promovende
1350 1654 1394 1693 in
1430 1652 1621 1707 comple-

77 1726 287 1772 mentum,
310 1721 488 1775 scilicet‚
509 1723 614 1776 quia
637 1723 694 1764 de
715 1722 790 1764 illa
819 1729 968 1777 potest
991 1722 1082 1763 fieri
1105 1723 1284 1777 species,
1313 1729 1357 1764 et
1380 1723 1441 1765 sic
1463 1722 1622 1763 dicitur

74 1790 131 1830 ab
156 1790 413 1833 actualitate
442 1793 587 1834 activa
617 1793 759 1846 magis
787 1806 922 1846 quam
945 1793 1001 1834 ab
1024 1799 1124 1834 actu
1155 1792 1380 1834 efficiendi.
1443 1793 1622 1833 Nomen

73 1861 190 1902 enim
235 1861 490 1915 magistrale
531 1868 598 1904 est
639 1876 802 1904 nomen
843 1863 1022 1914 autoris,
1065 1869 1109 1903 et
1150 1863 1251 1903 ideo
1287 1868 1464 1917 oportet
1499 1861 1620 1914 quod

36 1945 52 1975 5
75 1937 327 1985 exponatur
350 1937 398 1972 ut
415 1932 625 1986 possibile
648 1939 726 1974 est.
791 1933 851 1974 Et
868 1932 969 1973 licet
991 1937 1310 1974 transmutetur
1326 1945 1403 1986 per
1422 1945 1555 1985 agens
1578 1937 1622 1972 et

75 2001 290 2055 paciatur,
313 2008 356 2043 et
386 2002 446 2043 sic
475 2002 715 2043 subiciatur
745 2003 939 2056 passioni
971 2008 1016 2044 et
1044 2002 1418 2052 transmutacioni‚
1441 2015 1527 2055 que
1556 2007 1622 2042 est

75 2071 319 2124 generacio,
340 2077 491 2114 tamen
526 2085 613 2113 non
646 2079 841 2114 meretur
869 2085 970 2113 vere
993 2072 1077 2113 dici
1108 2071 1311 2126 potencia
1340 2071 1515 2126 passiva
1542 2071 1623 2112 nisi

77 2141 303 2194 equivoce‚
339 2141 582 2183 secundum
621 2142 740 2195 quod
779 2142 1010 2196 distinguit
1052 2140 1318 2183 Aristoteles
1358 2141 1623 2195 passionem,

79 2211 131 2268 ij⁰⁴
166 2210 235 2251 De
266 2210 448 2262 Anima,
475 2211 723 2265 dupliciter,
749 2225 836 2252 uno
870 2211 1006 2252 modo
1039 2211 1227 2252 dicendo
1259 2211 1510 2265 passionem
1538 2223 1624 2264 que

1641 895 1763 926 21b1.

76 2281 199 2321 vadit
221 2281 264 2320 in
286 2281 619 2335 corrupcionem
648 2281 713 2321 sui
743 2281 942 2334 subjecti,
965 2286 1007 2321 et
1034 2280 1121 2321 alio
1152 2281 1286 2322 modo
1326 2279 1330 2332 Ι
1371 2280 1414 2320 in
1445 2279 1623 2321 habitus
1643 2291 1681 2323 F.
1699 2300 1737 2334 91
1758 2302 1776 2323 a
1796 2300 1823 2323 2.

77 2357 277 2392 naturam
311 2357 355 2391 et
387 2350 703 2405 perfeccionem
742 2357 786 2392 et
812 2350 1015 2392 salutem.
1081 2350 1228 2391 Primo
1251 2349 1386 2391 modo
1418 2356 1485 2392 est
1516 2363 1621 2391 vera

120 2491 139 2511 2
163 2484 284 2519 primo
302 2481 559 2522 Phisioorum]
578 2480 597 2512 l.
616 2481 637 2522 i,
657 2491 684 2512 c.
704 2481 757 2512 80.
898 2491 935 2511 12
960 2480 1127 2522 Ethicis]
1146 2480 1168 2513 l.
1188 2481 1210 2519 i,
1227 2491 1255 2511 c.
1278 2491 1304 2512 1.
1441 2490 1483 2520 29
1507 2482 1550 2518 ij⁰
1567 2483 1622 2513 De

75 2533 230 2575 Anima]
248 2534 268 2565 l.
286 2534 320 2574 ii,
340 2544 368 2565 c.
387 2543 441 2574 57,
459 2535 512 2573 58.

120 2655 140 2684 3
166 2645 274 2685 primo
293 2646 410 2687 modo]
429 2646 538 2687 primo
555 2645 590 2675 D
768 2655 787 2683 4
813 2644 863 2684 et]
882 2649 935 2675 set
952 2644 1016 2674 FD
1194 2653 1214 2683 5
1239 2643 1387 2686 privata]
1405 2644 1572 2684 privativa
1587 2644 1622 2675 D

77 2697 214 2739 dicitur]
233 2699 364 2730 dicetur
378 2699 421 2730 M
501 2708 537 2736 13
564 2696 745 2738 operibus]
763 2697 1026 2737 operacionibus
1042 2695 1108 2726 FD
1200 2697 1239 2726 16
1263 2696 1411 2738 possint]
1431 2703 1576 2737 possunt
1592 2697 1626 2727 F

78 2750 110 2780 in
129 2750 285 2792 materia]
304 2751 448 2791 aliquam
465 2752 500 2782 in
518 2750 583 2782 alio
596 2749 662 2780 FD
751 2749 924 2790 dicuntur]
942 2749 1066 2779 dicitur
1081 2749 1114 2779 F
1208 2759 1246 2788 17
1269 2748 1365 2790 quia]
1383 2749 1461 2789 quia
1479 2760 1541 2789 per
1556 2749 1622 2780 FD

78 2803 240 2845 possunt]
258 2808 373 2844 potest
388 2804 453 2835 FD
596 2813 639 2833 20
663 2800 844 2843 naturalis]
863 2801 1046 2833 materialis
1063 2801 1097 2831 D
1246 2812 1287 2841 24
1312 2801 1421 2843 enim]
1439 2802 1541 2843 igitur
1556 2802 1621 2833 FD

78 2855 218 2896 n'omen]
236 2867 304 2887 non
322 2856 384 2887 FD
521 2857 563 2886 26
587 2854 651 2896 sic]
670 2855 716 2885 ita
733 2853 798 2884 FD
930 2864 970 2893 27
995 2864 1077 2885 vere
1095 2865 1158 2884 om.
1180 2853 1245 2884 FD

146 2936 208 2953 this.
837 2921 868 2951 G
