1934 3152
137 2102 264 2134 32a1.

1036 87 1120 128 114

296 193 354 234 tis
372 206 459 234 non
482 198 548 235 est
567 191 849 235 nisieffectus
880 205 1014 246 quem
1048 190 1258 234 intendit:
1292 197 1359 234 set
1387 190 1459 234 ille
1492 190 1676 233 effectus
1707 190 1852 247 primo

299 269 366 305 est
395 263 688 319 incompletus
715 268 759 304 et
789 269 974 304 vocatur
1004 262 1184 317 species,
1213 268 1371 317 postea
1402 275 1480 317 pter
1510 254 1852 304 continuitatem

296 334 489 376 accionis
531 334 705 388 agentis
742 332 1004 388 completur,
1039 339 1083 373 et
1116 333 1217 374 ideo
1251 346 1349 373 cum
1385 331 1568 374 effectus
1600 346 1690 374 non
1718 332 1852 374 efficit

296 405 505 460 seipsum,
532 418 620 445 non
657 409 724 445 est
762 403 957 445 activum
994 409 1039 444 et
1073 417 1152 458 per
1183 416 1459 457 consequens
1492 417 1580 445 non
1614 402 1739 444 dabit
1770 417 1851 458 po—

295 475 438 517 tencie
474 474 657 515 materie
690 473 886 527 aliquam
928 479 1200 528 potestatem
1236 473 1410 527 agendi.
1487 473 1624 529 Quod
1657 487 1763 515 vero
1801 471 1852 514 fit
1871 492 1890 525 5

295 559 373 600 per
393 558 530 599 agens
552 544 595 586 in
613 544 846 585 materiam
877 549 944 585 est
970 556 1071 598 pars
1103 544 1312 597 generati,
1335 550 1380 585 et
1402 543 1503 586 ideo
1531 558 1632 586 cum
1664 544 1852 586 materia

294 615 430 657 habet
453 614 572 656 illam
595 621 783 670 partem,
805 627 894 656 non
918 620 984 656 est
1000 613 1119 655 aliud
1143 614 1226 655 nisi
1247 615 1367 669 quod
1391 615 1487 669 ipsa
1510 615 1694 656 materia
1716 614 1851 656 habet

294 699 389 726 esse
410 685 680 740 complecius
702 698 838 739 quam
862 684 994 739 prius,
1015 691 1060 726 et
1083 682 1192 725 illud
1216 698 1310 727 esse
1336 685 1473 727 habet
1496 685 1719 727 racionem
1750 684 1849 727 effe·

292 762 388 797 ctus
414 755 517 797 facti
547 761 591 797 et
622 755 832 809 generati,
855 755 974 808 quod
1000 760 1067 796 est
1094 754 1236 795 adhuc
1260 755 1309 797 ⁴in
1331 756 1536 810 potencia
1558 754 1852 797 essencialiter

293 827 350 867 ad
393 825 773 880 complementum
821 839 950 867 suum
989 825 1302 881 recipiendum,
1350 832 1395 867 et
1432 826 1532 868 ideo
1568 832 1763 871 nonest
1805 826 1849 866 in
1872 845 1912 868 10

293 896 416 947 alico,
449 903 551 938 actu
584 896 744 950 agendi
776 903 820 938 et
853 895 1055 946 faciendi,
1087 902 1156 937 set
1192 896 1483 950 promovendi
1515 902 1559 938 et
1597 890 1846 951 recipiendi.

294 966 484 1008 Materia
524 967 657 1021 igitur
697 980 785 1009 non
827 965 963 1007 habet
1014 965 1097 1007 nisi
1140 966 1406 1021 principium
1450 967 1688 1021 passivum,
1727 980 1847 1008 com-

293 1037 484 1078 muniter
520 1036 758 1091 loquendo,
798 1042 847 1077 ut
883 1035 1148 1078 excludatur
1178 1036 1298 1077 accio
1331 1036 1544 1078 efficiendi
1576 1036 1697 1091 quod
1729 1037 1846 1092 prin-

291 1108 455 1163 cipium
493 1107 716 1163 passivum
754 1107 938 1148 materie
976 1107 1112 1148 habet
1153 1106 1296 1147 solum
1336 1113 1486 1148 actum
1520 1106 1764 1162 appetendi
1802 1113 1847 1148 et

291 1178 582 1220 desiderandi.
649 1177 923 1232 Expositum
942 1183 1091 1219 tamen
1108 1183 1175 1219 est
1192 1177 1312 1232 prius
1330 1177 1559 1231 quomodo
1576 1177 1713 1218 habet
1730 1176 1846 1231 prin·
1869 1196 1907 1229 15

291 1248 455 1302 cipium
482 1247 706 1303 passivum
731 1253 775 1288 et
797 1248 1026 1302 quomodo
1049 1248 1330 1303 receptivum.
1397 1246 1444 1289 Si
1472 1248 1691 1289 obiciatur
1721 1247 1844 1302 quod

291 1318 327 1359 si
349 1324 532 1373 propter
553 1317 638 1359 hoc
659 1318 779 1371 quod
799 1318 983 1359 materia
1005 1317 1140 1360 habet
1158 1317 1420 1373 principium
1443 1318 1666 1372 passivum
1685 1317 1846 1359 dicitur

290 1388 554 1443 principium
589 1394 747 1438 motus,
782 1393 886 1429 tunc
917 1387 1029 1442 lapis
1067 1388 1109 1428 in
1143 1395 1269 1430 motu
1306 1387 1593 1443 projeccionis
1629 1394 1695 1429 est
1728 1387 1843 1443 prin-

289 1458 453 1513 cipium
489 1464 636 1499 motus
669 1464 714 1500 et
747 1471 836 1499 non
869 1458 1031 1512 palma,
1052 1458 1157 1512 quia
1188 1465 1397 1513 operatur
1427 1458 1484 1499 ad
1517 1471 1643 1499 suam
1673 1458 1844 1512 projec-

289 1529 460 1570 cionem
493 1542 572 1584 per
602 1527 870 1582 gravitatem
906 1534 950 1569 et
987 1527 1326 1583 corpulenciam‚
1358 1529 1480 1582 quod
1514 1527 1658 1570 facere
1691 1527 1843 1582 palma
1865 1549 1906 1572 κο

288 1612 377 1639 non
399 1604 557 1652 potest.
623 1598 684 1639 Et
702 1605 807 1639 tunc
830 1597 969 1639 eciam
993 1597 1140 1648 molle,
1160 1604 1208 1639 ut
1229 1612 1327 1639 cera
1348 1597 1416 1639 vel
1440 1598 1576 1648 aliud,
1598 1597 1759 1639 faceret
1782 1598 1839 1639 ad

288 1675 459 1710 motum
503 1668 725 1710 incisionis
765 1667 832 1710 vel
874 1668 1173 1721 impressionis
1211 1674 1255 1709 et
1297 1669 1520 1722 sculpture
1566 1669 1687 1722 quod
1729 1669 1842 1710 dura

288 1740 473 1781 materia
509 1752 598 1780 non
635 1737 809 1790 faceret,
847 1745 891 1780 et
927 1739 1028 1780 ideo
1062 1738 1285 1780 videretur
1321 1739 1441 1793 quod
1485 1745 1633 1780 motus
1675 1739 1842 1794 projec-

286 1810 423 1852 cionis
456 1810 499 1850 in
534 1809 678 1864 lapide
712 1817 828 1851 esset
865 1823 891 1850 a
924 1815 1081 1850 natura
1111 1814 1155 1850 et
1187 1815 1333 1850 motus
1368 1809 1592 1851 incisionis
1629 1810 1840 1864 quoniam

286 1894 312 1921 a
324 1880 541 1935 principio
559 1879 735 1933 passivo
750 1879 873 1921 intra.
925 1880 1039 1921 Item
1054 1879 1310 1933 hujusmodi
1325 1879 1642 1934 disposiciones
1659 1879 1841 1921 materie
1863 1899 1902 1932 25

285 1957 498 1992 vocantur
528 1949 739 1991 naturalis
771 1950 977 2005 potencia
1009 1955 1055 1990 et
1087 1950 1349 2005 inpotencia,
1372 1957 1439 1991 set
1471 1950 1552 1996 hec
1586 1956 1689 1992 sunt
1721 1949 1839 2005 prin-

288 2020 404 2074 cipia
437 2026 649 2061 motuum.
716 2020 777 2062 Et
798 2020 1035 2062 dicendum
1059 2026 1124 2061 est
1150 2020 1272 2074 quod
1297 2020 1480 2061 materia
1508 2033 1596 2061 non
1629 2027 1696 2062 est
1723 2020 1839 2074 prin-

286 2091 451 2145 cipium
477 2097 626 2131 motus
653 2088 658 2146 Ι
687 2090 911 2142 naturalis,
932 2090 1013 2132 nisi
1042 2096 1224 2144 propter
1248 2089 1406 2131 fortem
1431 2090 1681 2145 appetitum
1704 2103 1838 2144 quem

287 2161 424 2202 habet
456 2167 503 2201 ut
534 2161 791 2215 expositum
825 2167 904 2212 est,
936 2167 1002 2201 set
1035 2160 1117 2201 hee
1149 2160 1464 2215 disposiciones
1501 2158 1726 2201 naturales
1753 2174 1839 2214 que

285 2237 499 2273 vocantur
527 2231 741 2272 naturalis
763 2231 968 2286 potencia
992 2237 1035 2272 et
1064 2230 1318 2285 inpotencia
1342 2244 1428 2271 non
1461 2236 1562 2271 sunt
1584 2230 1837 2284 hujusmodi
1857 2249 1900 2281 30

285 2307 330 2342 et
353 2301 453 2343 ideo
477 2314 564 2342 non
593 2307 696 2342 sunt
723 2301 937 2355 principia
970 2306 1174 2341 motuum
1200 2300 1482 2351 naturalium,
1503 2300 1682 2351 scilicet,
1703 2313 1837 2354 gene-

287 2371 470 2413 racionis
496 2379 540 2413 et
562 2371 859 2426 corrupcionis
888 2377 931 2412 et
953 2369 1243 2420 alteracioniS,
1264 2375 1331 2411 set
1355 2371 1496 2425 magis
1518 2377 1621 2411 sunt
1643 2370 1835 2423 quedam

285 2441 539 2483 habilitates
569 2455 802 2496 corporum
831 2441 888 2482 ad
921 2446 1068 2482 motus
1099 2439 1347 2481 artificiales
1378 2446 1423 2482 et
1454 2439 1670 2482 violentos
1700 2439 1834 2481 susci-

326 2563 348 2594 3
373 2554 450 2586 ideo
467 2565 533 2586 om.
554 2555 589 2585 D
701 2566 721 2594 4
745 2559 778 2586 et
796 2564 857 2595 per
872 2563 1088 2594 consequens
1102 2562 1169 2584 om.
1187 2552 1220 2582 F
1327 2563 1344 2592 7
1368 2551 1487 2593 habet]
1503 2552 1627 2583 habeat
1643 2551 1678 2582 D
1744 2551 1834 2594 non]

284 2607 425 2638 omnino
441 2607 476 2637 D
614 2617 650 2637 11
677 2607 802 2648 agendi
818 2618 884 2638 om.
903 2606 939 2637 D
1074 2615 1112 2644 14
1131 2605 1303 2646 passivum
1321 2616 1386 2637 om.
1406 2604 1441 2635 F
1526 2605 1668 2635 materie
1684 2614 1751 2636 om.
1769 2604 1836 2635 FD

289 2669 328 2698 19
352 2659 480 2701 palma]
498 2660 595 2699 palea
612 2659 654 2690 M
759 2658 936 2701 operatur]
954 2662 1157 2699 cooperatur
1172 2657 1205 2687 F
1292 2667 1388 2689 suam
1404 2667 1472 2690 om.
1488 2656 1553 2687 FD
1687 2667 1731 2688 20
1755 2657 1832 2698 per]

285 2721 348 2750 per
362 2721 455 2743 suam
473 2712 538 2742 FD
641 2711 771 2753 palma]
788 2712 886 2752 palea
902 2712 945 2743 M
1100 2720 1139 2740 21
1167 2710 1272 2741 eciam
1290 2721 1357 2741 om.
1378 2709 1412 2740 F
1506 2709 1650 2751 faceret]
1669 2709 1782 2741 facere
1799 2709 1834 2740 D

283 2774 392 2803 21-24
416 2764 471 2795 vel
490 2788 497 2794 .
516 2788 523 2795 .
544 2787 552 2794 .
572 2763 746 2796 incisionis
763 2775 830 2795 om.
846 2763 882 2795 D
1015 2772 1059 2794 22
1082 2761 1154 2804 vel]
1172 2767 1206 2794 et
1224 2762 1256 2793 F
1385 2771 1426 2802 25
1451 2761 1602 2803 passivo]
1620 2762 1791 2802 passionis
1808 2762 1840 2794 F

282 2826 326 2856 29
349 2815 536 2858 naturales]
554 2816 745 2849 materiales
760 2816 824 2848 FD
