1934 3152
813 119 864 164 31

71 225 188 267 venit
216 226 272 267 ad
300 237 457 273 aerem,
486 236 573 264 non
606 223 732 264 faciet
763 223 978 264 incessum
1009 228 1173 264 rectum
1198 222 1240 262 in
1271 237 1323 264 eo
1349 223 1422 276 qui
1452 230 1516 264 est
1545 239 1604 272 ac,

72 303 139 337 set
174 294 252 336 ibit
283 307 420 346 usque
456 292 497 342 d,
536 299 584 333 ut
621 294 813 334 incessus
846 300 989 334 rectus
1025 293 1080 334 sit
1117 291 1230 333 inter
1265 291 1527 334 fraccionem
1561 301 1605 333 et

72 361 476 419 perpendicularem
499 362 677 404 ductam
707 377 731 404 a
753 362 852 404 loco
880 361 1107 404 fraccionis
1127 375 1212 415 que
1240 367 1306 402 est
1326 362 1399 415 fg.
1464 361 1523 402 Et
1545 363 1607 403 sic

74 432 374 474 universaliter
402 438 478 483 est,
500 433 852 486 quandocunque
874 445 1031 486 corpus
1053 432 1295 473 secundum
1317 430 1519 472 subtilius
1541 438 1608 472 est

32 519 50 551 5
73 503 230 556 primo,
248 509 290 544 et
312 502 392 543 hee
410 501 646 542 fracciones
667 501 944 543 verificantur
961 515 1038 555 per
1059 500 1264 542 effectum
1282 501 1608 542 combustionis.

73 573 190 613 Nam
213 571 247 612 si
276 570 490 612 cristallus
517 572 684 624 sperica
706 585 791 624 que
817 572 994 612 berillus
1015 577 1197 612 vocatur
1217 576 1292 611 aut
1320 584 1396 611 vas
1418 570 1607 611 vitreum

72 641 312 683 rotundum
350 639 529 693 plenum
565 654 677 694 aque
715 641 930 683 obiciatur
966 641 1096 682 radiis
1137 639 1362 689 solaribus,
1399 639 1448 679 fit
1489 653 1610 680 com-

71 710 230 761 bustio,
251 716 298 752 ut
320 715 442 763 patet
459 711 515 751 ad
538 724 711 752 sensum
734 711 775 751 in
794 710 961 752 urinali.
1023 710 1136 752 Cum
1155 710 1287 763 igitur
1305 709 1411 750 radii
1429 709 1608 750 veniunt

71 794 149 834 per
168 793 313 821 aerem
345 779 401 819 ad
429 793 585 834 corpus
617 779 792 821 cristalli
819 780 887 821 vel
921 780 1015 821 vitri
1046 780 1165 833 quod
1199 785 1266 820 est
1296 779 1470 820 densius
1498 793 1609 829 aere,

14 863 54 885 ιο
72 849 132 890 illi
178 850 251 903 qui
285 861 371 890 non
413 855 513 891 sunt
547 850 926 904 perpendiculares
967 863 1096 903 super
1128 863 1285 904 corpus
1326 849 1415 890 tale
1460 849 1518 905 (et
1550 850 1609 891 hii

1130 984 1166 1021 C

785 1013 824 1068 9

1217 1088 1266 1148 ol

515 1381 595 1435 ⁶12
654 1383 696 1409 α
914 1389 970 1443 [Ο
1012 1392 1154 1425 αηα

479 1643 891 1744 aas

781 1776 862 1808 F1c.
882 1786 911 1816 4.

72 1892 172 1927 sunt
195 1887 269 1941 qui
291 1901 378 1930 non
399 1890 565 1932 vadunt
583 1891 625 1932 in
642 1897 837 1933 centrum
856 1888 967 1946 ejus)
988 1890 1246 1945 franguntur
1267 1891 1377 1932 inter
1394 1891 1611 1933 incessum

72 1962 238 1997 rectum
261 1964 305 1999 et
334 1960 737 2014 perpendicularem
769 1961 1015 2002 ducendam
1038 1974 1064 2001 a
1092 1960 1191 2002 loco
1213 1960 1454 2012 fraccionis,
1476 1967 1524 2002 ut
1547 1966 1614 2001 est

73 2026 221 2067 radius
242 2042 297 2078 oc,
318 2029 392 2081 qui
414 2043 514 2070 cum
542 2031 791 2071 transiverit
818 2044 896 2084 per
915 2036 1061 2071 totum
1091 2044 1249 2084 corpus
1269 2031 1398 2083 vasis,
1415 2031 1535 2072 venit
1557 2031 1614 2071 ad

72 2109 218 2137 aerem
256 2097 545 2150 subtiliorem,
587 2107 632 2141 et
672 2113 759 2141 non
792 2100 1222 2154 perpendiculariter.
1285 2100 1406 2155 Ergo
1438 2107 1613 2154 oportet

36 2166 193 2218 5quod
236 2166 296 2206 sic
330 2168 477 2216 vadat,
513 2176 562 2210 ut
599 2169 791 2211 incessus
828 2175 972 2210 rectus
1009 2170 1064 2210 sit
1106 2170 1218 2210 inter
1254 2170 1399 2224 ipsum
1437 2177 1480 2211 et
1519 2183 1613 2224 per-

74 2235 397 2288 pendicularem
420 2237 669 2279 ducendam
691 2253 716 2280 a
739 2239 834 2280 loco
856 2238 1093 2288 fraccionis‚
1113 2246 1156 2280 et
1178 2239 1276 2281 ideo
1298 2253 1385 2280 non
1409 2239 1488 2281 ibit
1506 2240 1548 2280 in
1570 2240 1615 2289 d,

73 2312 138 2346 set
173 2305 367 2348 declinat
409 2307 465 2347 ad
495 2308 539 2360 f,
580 2321 711 2361 super
745 2308 1029 2362 principalem
1072 2309 1491 2363 perpendicularem,
1525 2324 1611 2363 que

72 2374 194 2414 venit
224 2374 281 2415 ab
313 2375 470 2416 eodem
503 2383 665 2430 puncto
696 2377 800 2418 solis
841 2392 867 2418 a
897 2391 985 2431 quo
1019 2379 1165 2419 radius
1202 2379 1374 2421 fractus.
1437 2380 1609 2422 Eodem

74 2443 208 2485 modo
231 2450 307 2495 est,
329 2459 387 2485 ex
409 2444 493 2486 alia
515 2452 639 2500 parte
665 2448 783 2500 quod
812 2461 890 2502 per
909 2447 1128 2501 duplicem
1153 2448 1417 2491 fraccionem
1439 2450 1487 2491 ob
1508 2465 1608 2493 con-

34 2524 56 2547 0
73 2519 218 2565 curret
247 2514 288 2554 in
312 2516 469 2556 eodem
493 2523 656 2568 puncto
679 2517 723 2570 f,
746 2517 787 2557 in
810 2531 898 2571 quo
928 2518 1075 2560 radius
1095 2517 1148 2572 of.
1210 2518 1290 2561 Set
1311 2519 1468 2561 infiniti
1499 2522 1608 2563 radii

73 2590 239 2624 exeunt
268 2598 294 2625 a
324 2585 521 2639 quolibet
546 2593 709 2640 puncto
737 2587 742 2641 Ι
769 2588 887 2640 solis,
909 2602 1013 2643 ergo
1044 2587 1198 2631 infiniti
1231 2591 1647 2645 congregabuntur9
1665 2615 1683 2636 a
1704 2613 1729 2635 1.

116 2687 137 2716 8
161 2688 254 2717 Cum
269 2688 386 2724 igitur
402 2690 500 2719 radii
517 2712 526 2721 .
543 2713 551 2721 .
571 2688 596 2730 .]
616 2688 762 2729 BrIdges
779 2689 800 2721 i.
821 2700 892 2730 113.

121 2785 133 2806 1
161 2776 269 2818 venit]
286 2778 400 2808 veniet
416 2777 480 2808 FD
611 2787 631 2818 5
654 2779 875 2811 verificantur
890 2780 923 2811 it.
942 2780 976 2811 F
1097 2791 1135 2822 17
1160 2782 1477 2822 perpendicularem
1495 2795 1559 2817 om.
1577 2785 1610 2816 F

73 2838 125 2877 21—
137 2839 157 2860 a
174 2829 341 2872 quolibet]
358 2830 399 2862 ab
416 2831 536 2862 eodem
553 2829 589 2861 D
