1934 3152
835 108 914 151 133

101 218 145 253 et
171 211 302 265 juxta
330 211 435 252 illud
466 211 626 253 accidit
649 211 815 266 aliquid
841 225 926 253 non
949 213 1167 253 intentum
1192 213 1248 254 ab
1271 227 1323 254 eo
1345 222 1516 267 agente,
1539 222 1640 256 tunc

100 287 300 336 respectu
323 280 436 322 illius
457 282 629 334 agentis
651 281 811 323 dicitur
833 295 925 323 esse
942 281 1127 330 casuale,
1145 288 1191 322 ut
1214 295 1314 323 cum
1337 283 1490 337 aliquis
1507 286 1640 326 vadat

100 351 156 392 ad
175 351 318 393 forum
333 358 381 392 ut
397 358 514 392 emat
529 359 571 392 et
596 365 683 392 non
702 358 884 405 propter
897 351 1095 392 debitum
1113 351 1426 405 recipiendum,
1441 360 1640 394 occurrat

99 420 138 461 ei
165 427 313 462 tamen
342 420 527 470 debitor,
552 421 733 474 recipiat
761 434 888 461 suum
919 420 1147 461 debitum:
1183 422 1380 476 recepcio
1412 422 1549 464 debiti
1576 429 1641 463 est

61 511 78 543 5
98 489 274 531 casuale
303 495 347 531 et
378 489 620 539 fortuitum,
646 497 690 532 et
720 490 804 531 hoc
830 490 922 531 sive
949 497 1068 532 emat
1093 490 1184 531 sive
1216 504 1313 531 non.
1379 490 1458 533 Set
1490 492 1524 532 si
1554 506 1640 533 non

98 566 231 609 emat,
254 573 353 601 cum
377 566 561 613 propter
582 559 666 601 hoc
687 560 810 601 venit
833 566 939 600 tunc
960 560 1081 601 accio
1096 559 1253 601 frustra
1267 567 1334 602 est
1348 568 1391 602 et
1407 561 1448 601 in
1465 574 1641 602 vanum.

101 628 289 671 Casuale
305 643 408 670 vero
426 636 491 670 est
507 630 689 682 quando
707 629 877 682 aliquid
894 629 934 670 ei
949 629 1095 670 evenit
1109 636 1256 683 preter
1273 630 1503 678 intentum,
1524 631 1639 672 ocio-

97 712 195 739 sum
209 712 311 740 vero
334 699 513 751 quando
533 698 666 739 nichil
689 698 878 739 intendit
902 712 980 752 per
1002 698 1228 739 accionem
1247 713 1385 739 suam.
1438 698 1485 740 Si
1509 699 1641 753 igitur

98 768 188 809 tale
211 775 275 809 est
297 768 487 817 casuale,
509 774 557 808 ut
579 768 832 822 expositum
855 775 932 818 est,
954 774 998 809 et
1020 782 1144 809 casus
1165 775 1232 810 est
1254 768 1347 822 ejus
1369 782 1510 819 causa,
1531 776 1639 811 tunc

38 859 77 882 10
100 851 189 878 non
219 838 422 878 inmerito
452 837 651 891 queritur
677 836 682 891 Ι
712 838 819 891 quid
848 837 1090 878 secundum
1116 837 1429 880 diffinicionem
1459 846 1503 880 et
1531 839 1636 893 quid
1660 854 1698 888 37
1716 857 1735 878 a
1755 857 1781 879 2.

98 907 341 948 secundum
361 921 453 948 rem
473 908 606 949 debet
624 907 711 948 dici
727 920 851 947 casus
869 907 912 948 in
931 906 1140 961 exemplo
1155 907 1274 948 dato.
1300 907 1360 949 Et
1374 907 1639 950 Aristoteles

97 977 257 1018 diffinit
290 991 439 1018 casum
472 977 545 1027 sic,
574 977 694 1030 quod
727 989 851 1018 casus
883 983 947 1018 est
980 990 1110 1018 causa
1140 990 1219 1031 per
1251 977 1454 1019 accidens
1487 990 1638 1019 eorum

96 1059 183 1100 que
206 1045 314 1088 fiunt
337 1047 380 1087 in
404 1046 560 1088 minori
586 1053 710 1101 parte
732 1045 789 1087 ab
810 1046 1041 1100 agentibus
1063 1045 1243 1099 aliquid,
1264 1053 1308 1088 et
1330 1047 1410 1089 hec
1431 1047 1639 1088 diffinicio

97 1123 221 1171 patet
244 1130 322 1170 per
349 1116 442 1171 jam
465 1117 593 1158 dicta.
657 1116 737 1158 Set
760 1116 866 1170 quid
887 1117 944 1157 sit
965 1116 1206 1158 secundum
1229 1130 1334 1169 rem,
1355 1117 1531 1168 scilicet,
1553 1131 1639 1171 que

35 1207 74 1239 15
97 1201 163 1228 res
185 1187 319 1228 debet
341 1186 427 1227 dici
450 1187 531 1227 hec
553 1200 682 1227 causa
709 1199 787 1240 per
808 1187 1020 1236 accidens,
1043 1187 1270 1228 veniamus
1291 1187 1347 1228 ad
1373 1186 1638 1241 exemplum,

95 1257 208 1298 sicut
230 1257 350 1311 prius
372 1257 583 1306 diximus,
605 1257 724 1310 quod
749 1256 984 1298 Policletus
1006 1263 1205 1310 respectu
1228 1256 1404 1298 artificis
1426 1263 1489 1297 est
1510 1271 1640 1299 causa

75 1339 172 1379 .per
187 1326 406 1367 accidens.
452 1325 623 1367 Demus
640 1326 775 1379 igitur
788 1325 1200 1379 exemplum‚verbi
1214 1326 1374 1381 gracia.
1421 1326 1511 1367 Iste
1529 1325 1639 1367 fodit

95 1402 257 1437 terram
274 1401 455 1450 propter
468 1408 630 1448 aquam
654 1402 698 1436 et
720 1395 884 1436 invenit
906 1396 1160 1437 thesaurum
1183 1409 1315 1449 quem
1330 1409 1418 1437 non
1436 1395 1637 1437 intendit.

96 1465 218 1519 Quid
241 1465 374 1519 igitur
396 1465 475 1506 erit
497 1465 566 1505 hic
589 1468 746 1507 casus?
810 1464 898 1506 Hic
920 1478 1009 1506 non
1030 1472 1131 1507 sunt
1154 1466 1235 1506 nisi
1257 1465 1355 1515 tria,
1375 1464 1552 1515 scilicet,
1574 1465 1637 1506 in-

34 1554 74 1576 20
92 1535 246 1576 vencio
269 1534 474 1585 thesauri,
497 1535 618 1588 quod
651 1547 740 1575 non
772 1539 839 1576 est
870 1534 953 1575 nisi
982 1534 1157 1576 casuale
1189 1541 1232 1576 et
1261 1548 1347 1576 non
1377 1548 1530 1583 casus3
1558 1548 1636 1575 nec

94 1604 265 1646 fodiens
297 1604 500 1646 absolute
532 1609 679 1657 potest
710 1604 795 1645 dici
828 1617 965 1652 casus,
999 1604 1104 1658 quia
1134 1610 1237 1646 tunc
1269 1611 1550 1659 comparatus
1579 1604 1636 1645 ad

91 1687 255 1727 aquam
278 1680 322 1715 et
348 1673 605 1715 thesaurum
628 1673 843 1728 equaliter
863 1687 910 1715 se
933 1673 1126 1723 haberet,
1148 1687 1228 1715 nec
1254 1673 1424 1714 fodiens
1446 1674 1635 1714 intendit

93 1757 269 1798 aquam,
304 1744 408 1798 quia
444 1744 480 1785 si
519 1744 764 1785 intenderet
802 1744 992 1785 invenire
1028 1743 1279 1793 carbonem,
1311 1743 1366 1784 ad
1401 1742 1485 1784 hoc
1521 1743 1633 1784 acci-

91 1814 216 1855 deret
256 1814 457 1855 invencio
499 1813 694 1855 thesauri
727 1813 785 1854 ibi
817 1814 1019 1868 depositi,
1054 1819 1097 1854 et
1138 1813 1376 1855 dicendum
1410 1820 1477 1854 est
1513 1814 1634 1866 quod

32 1902 70 1934 25
92 1884 264 1925 fodiens
310 1890 490 1937 propter
525 1883 692 1937 aliquid
735 1884 1086 1933 indeterminate,
1119 1889 1163 1924 et
1205 1897 1291 1924 non
1329 1889 1509 1937 propter
1539 1882 1634 1923 the-

91 1966 269 1994 saurum
300 1959 366 1993 est
396 1966 520 1993 casus
558 1960 841 2007 comparatus
875 1954 931 1994 ad
962 1953 1269 1994 invencionem
1301 1951 1505 2003 thesauri,
1529 1965 1631 1992 nam

92 2022 265 2065 fodiens
287 2028 468 2076 propter
488 2022 653 2076 aliquid
676 2023 1016 2064 indeterminate
1033 2029 1182 2076 potest
1204 2021 1374 2063 infinita
1395 2021 1634 2073 intendere,

90 2092 266 2140 scilicet,
293 2105 468 2145 aquam,
489 2093 742 2143 carbonem,
763 2105 956 2142 arenam,
980 2091 1163 2146 lapides,
1189 2098 1233 2133 et
1263 2092 1324 2132 sic
1354 2092 1410 2133 de
1442 2090 1633 2141 infinitis,

92 2162 148 2203 ad
175 2175 363 2215 quorum
396 2161 626 2216 quodlibet
653 2161 954 2202 indifferenter
976 2175 1024 2203 se
1050 2160 1183 2202 habet
1209 2160 1411 2202 invencio
1438 2159 1631 2202 thesauri

28 2250 69 2282 30
89 2245 177 2272 non
199 2231 368 2279 intenti,
387 2237 430 2272 et
454 2231 554 2273 ideo
576 2230 762 2272 casualis
778 2231 938 2272 dicitur
959 2238 1006 2272 et
1026 2231 1206 2272 fortuita
1223 2230 1422 2271 invencio
1438 2229 1631 2271 thesauri

88 2307 288 2356 respectu
324 2301 423 2341 talis
456 2300 674 2349 fodientis,
698 2306 741 2341 et
770 2306 836 2341 est
868 2299 1050 2341 effectus
1083 2299 1176 2353 ejus
1208 2313 1286 2353 per
1310 2299 1512 2340 accidens
1543 2312 1630 2339 non

87 2385 166 2425 per
196 2383 255 2412 se.
329 2369 516 2411 Casuale
548 2383 652 2424 ergo
683 2370 817 2410 habet
849 2383 1002 2411 causas
1034 2368 1240 2420 infinitas,
1262 2368 1440 2418 scilicet,
1461 2368 1632 2410 fodiens

88 2446 270 2495 propter
305 2453 481 2493 aquam,
514 2438 584 2480 vel
619 2452 812 2489 arenam,
844 2439 913 2480 vel
945 2438 1152 2492 lapidem,
1183 2444 1228 2480 et
1258 2439 1320 2480 sic
1351 2438 1407 2479 de
1436 2437 1630 2480 infinitis.

97 2542 100 2545 ⁴
130 2552 150 2573 2
175 2540 294 2582 vadat]
311 2540 405 2572 vadit
422 2540 487 2571 FD
780 2550 802 2580 9
823 2544 905 2571 tunc
923 2550 991 2571 om.
1011 2539 1046 2570 D
1339 2549 1378 2579 13
1403 2544 1500 2579 parte
1517 2550 1583 2570 om.
1601 2539 1636 2570 F

88 2595 128 2625 18
152 2592 315 2634 intendit]
333 2592 535 2624 intendebat
551 2591 616 2622 FD
750 2602 793 2622 20
809 2602 877 2623 non
895 2597 949 2623 est
966 2591 1049 2633 nisi]
1068 2596 1120 2623 est
1136 2591 1202 2622 FD
1334 2602 1374 2622 21
1393 2591 1629 2633 comparatus]

86 2651 249 2686 operatus
265 2645 298 2676 F
443 2655 484 2676 22
510 2649 543 2675 et
561 2645 757 2676 thesaurum
774 2655 842 2676 om.
861 2644 897 2674 D
986 2643 1146 2685 haberet]
1164 2644 1332 2675 haberent
1346 2643 1381 2675 F
1466 2643 1629 2686 intendit]

86 2698 272 2730 intendens
289 2697 354 2728 FD
482 2707 524 2736 23
548 2697 591 2728 ad
608 2696 690 2738 hoc]
708 2697 750 2728 ad
767 2697 833 2728 huc
852 2696 903 2727 F:
929 2696 1040 2728 adhuc
1058 2697 1148 2728 idem
1165 2696 1201 2726 D
1319 2706 1362 2735 24
1385 2695 1544 2728 invencio
1561 2720 1569 2728 .
1589 2721 1596 2728 .
1617 2720 1626 2728 .

85 2749 234 2791 depositi
250 2760 316 2782 om.
336 2749 371 2780 D
503 2759 610 2790 30-31
638 2749 796 2780 invencio
815 2774 821 2781 .
840 2773 847 2781 .
870 2774 877 2781 .
896 2749 1058 2781 fodientis
1074 2759 1142 2781 om.
1161 2748 1196 2779 D
1345 2758 1387 2788 33
1411 2748 1453 2780 de
1471 2747 1628 2790 infinitis]

83 2803 248 2843 deinceps
262 2802 298 2833 D
