1934 3152
174 936 281 967 6b2.

1042 125 1094 156 22

296 234 411 277 ultra
449 234 617 288 species
656 245 755 274 suas
792 229 890 286 plus
925 228 1080 279 facere,
1113 242 1216 269 nam
1253 234 1464 283 generant
1502 228 1682 283 effectus
1719 243 1840 272 com·

298 305 453 359 pletos,
486 311 534 346 ut
566 303 679 357 ignis
710 303 857 356 ignem
890 298 1174 353 completum,
1207 306 1251 340 et
1288 299 1479 341 calidum
1515 299 1619 341 facit
1650 299 1841 341 calidum

298 374 554 430 perfectum,
577 380 621 415 et
643 373 703 414 sic
724 372 779 412 de
800 370 905 419 aliis,
920 374 964 410 et
986 375 1273 422 corrumpunt
1295 370 1530 422 paciencia.
1573 369 1673 412 Hoc
1693 376 1843 412 autem

299 459 476 486 necesse
498 451 564 485 est
588 442 753 483 mundo
776 439 981 489 inferiori,
1001 439 1105 492 quia
1130 438 1256 480 aliter
1282 452 1370 480 non
1396 449 1510 482 esset
1541 440 1770 494 generacio
1799 447 1844 482 et

299 514 527 568 corrupcio
553 513 595 552 in
617 511 757 560 rebus,
779 510 892 551 sicut
913 514 1090 563 oportet
1113 522 1187 549 eas
1211 522 1319 550 esse.
1383 509 1386 511 ’
1863 526 1882 560 5

360 584 419 624 Et
451 582 596 624 adhuc
626 581 757 634 juxta
789 579 909 620 dicta
947 577 1317 619 considerandum
1346 585 1412 620 est
1444 578 1563 633 quod
1596 579 1713 621 idem
1740 579 1844 622 facit

300 667 434 708 agens
462 653 505 692 in
530 651 823 705 quodcunque
852 655 969 703 agat,
998 654 1047 689 ut
1082 648 1195 702 ignis
1226 649 1317 689 sive
1346 655 1450 703 agat
1482 649 1525 689 in
1556 648 1722 704 lignum
1754 650 1845 691 sive

300 724 343 763 in
380 728 560 772 tactum,
596 720 700 774 quia
736 719 827 773 agit
864 732 943 771 per
979 724 1181 759 naturam
1224 725 1268 760 et
1309 719 1410 760 ideo
1447 719 1538 774 agit
1574 733 1661 760 uno
1698 720 1845 762 modo.

301 793 435 847 Quod
471 805 576 832 vero
618 790 710 844 agit
751 802 829 843 per
870 788 1089 830 racionem
1132 794 1175 830 et
1211 789 1485 830 voluntatem
1526 796 1677 843 potest
1716 804 1846 844 agere

303 861 452 903 multis
476 861 618 902 modis
641 866 685 900 et
708 859 903 900 diversos
926 857 1069 900 facere
1091 857 1283 909 effectus,
1307 866 1355 900 ut
1377 860 1499 908 deus,
1527 867 1570 902 et
1593 860 1784 913 angelus,
1801 866 1846 901 et
1867 877 1906 899 10

303 933 437 973 homo
455 932 498 972 in
516 931 644 971 rebus
662 943 746 983 que
764 928 874 970 fiunt
897 943 923 970 a
939 928 1179 980 voluntate,
1199 929 1204 983 1
1220 935 1287 971 set
1304 929 1385 970 hec
1407 935 1474 970 est
1495 930 1617 971 accio
1635 929 1846 971 naturalis

302 1016 410 1056 pura
440 1008 484 1043 et
507 1001 608 1042 ideo
630 1013 717 1040 non
741 1004 889 1053 potest
911 998 1003 1040 fieri
1026 999 1107 1039 nisi
1130 1012 1217 1040 uno
1241 999 1401 1049 modo3
1433 1000 1639 1054 quicquid
1661 1000 1847 1042 occurrit

305 1072 393 1127 igni
427 1071 580 1124 recipit
612 1071 800 1112 eundem
832 1069 1038 1110 effectum
1070 1069 1127 1110 ab
1159 1082 1224 1110 eo.
1288 1068 1367 1111 Set
1396 1083 1550 1110 sensus
1580 1075 1725 1111 tactus
1757 1083 1847 1112 non

302 1142 455 1195 recipit
477 1141 558 1182 nisi
579 1140 770 1194 speciem
793 1153 1022 1193 usquequo
1046 1138 1233 1190 ledatur,
1255 1153 1360 1193 ergo
1387 1152 1466 1180 nec
1492 1139 1662 1194 lignum
1693 1140 1848 1194 recipit

305 1213 346 1253 in
373 1211 588 1267 principio
617 1210 698 1251 nisi
727 1210 931 1263 speciem.
996 1208 1129 1262 Quod
1160 1216 1308 1251 autem
1336 1215 1483 1251 tactus
1509 1210 1615 1251 dum
1636 1209 1848 1265 tangibile
1870 1226 1908 1259 15

305 1296 394 1324 non
431 1281 621 1331 excedit,
643 1294 732 1322 non
761 1279 924 1321 habeat
947 1280 1028 1320 nisi
1054 1280 1257 1333 speciem,
1283 1279 1552 1321 Aristoteles
1584 1280 1850 1322 determinat

303 1352 495 1394 secundo
526 1351 595 1392 De
624 1350 808 1401 Anima,
844 1350 992 1391 dicens
1029 1351 1149 1403 quod
1186 1350 1487 1392 universaliter
1523 1351 1666 1392 omnis
1697 1364 1850 1392 sensus

304 1421 486 1475 suscipit
503 1421 668 1475 species
685 1419 972 1461 sensibilium.
1033 1419 1112 1461 Set
1130 1426 1279 1461 tamen
1297 1420 1516 1462 diversam
1539 1421 1848 1475 operacionem

303 1492 404 1533 facit
453 1491 618 1544 species
667 1490 710 1530 in
761 1503 938 1531 sensum
989 1494 1033 1530 et
1085 1488 1264 1543 lignum,
1317 1496 1500 1544 propter
1547 1491 1849 1533 diversitatem

308 1561 570 1614 recipientis,
607 1561 718 1601 sicut
761 1559 825 1601 sol
861 1559 1119 1613 constringit
1161 1559 1305 1601 lutum
1347 1566 1391 1601 et
1428 1561 1627 1602 dissolvit
1664 1560 1848 1615 glaciem
1872 1576 1912 1598 20

305 1645 383 1686 per
423 1630 698 1672 consimilem
739 1630 961 1671 virtutem.
1026 1629 1149 1670 Deus
1190 1637 1342 1671 autem
1384 1643 1471 1671 non
1513 1631 1616 1672 facit
1658 1631 1850 1684 speciem

305 1707 432 1742 extra
464 1714 520 1748 se,
555 1706 623 1742 set
654 1706 773 1742 creat
803 1700 860 1741 de
892 1699 1067 1750 nichilo,
1099 1713 1202 1741 nam
1233 1714 1311 1741 sua
1343 1700 1512 1754 species
1541 1708 1585 1742 et
1612 1714 1775 1755 ymago
1807 1707 1852 1742 et

305 1770 548 1813 similitudo
589 1770 739 1824 genita
776 1769 1038 1812 naturaliter
1081 1776 1147 1811 est
1190 1769 1328 1811 Filius
1363 1770 1448 1812 Dei
1492 1771 1644 1822 Patris,
1683 1770 1851 1812 habens

308 1841 495 1882 eandem
524 1840 822 1881 substanciam
851 1853 951 1881 cum
985 1840 1067 1881 Eo.
1131 1840 1191 1881 Et
1223 1841 1367 1881 omnis
1396 1847 1605 1891 creatura,
1635 1847 1852 1894 quantum

307 1916 466 1965 potest,
489 1910 690 1951 imitatur
712 1910 1019 1963 operacionem
1044 1909 1252 1961 divinam,
1269 1918 1336 1951 set
1357 1911 1441 1952 hoc
1463 1924 1550 1951 non
1568 1917 1634 1952 est
1654 1924 1853 1952 commu-
1874 1923 1912 1956 25

306 1981 494 2021 nicando
517 1980 754 2021 essenciam
778 1980 964 2020 eandem
995 1975 1190 2030 numero,
1219 1986 1286 2021 set
1313 1980 1512 2022 faciendo
1537 1988 1664 2023 extra
1689 1995 1736 2022 se
1761 1994 1852 2022 rem

306 2049 577 2092 consimilem
616 2050 659 2089 in
696 2056 852 2091 natura
893 2049 1108 2104 specifica.
1172 2049 1233 2091 Et
1274 2057 1422 2091 tamen
1455 2050 1694 2104 sciendum,
1733 2050 1853 2104 quod

306 2120 406 2160 licet
436 2119 519 2160 hec
545 2119 711 2174 species
744 2119 800 2159 sit
831 2117 1030 2171 ejusdem
1062 2125 1217 2160 nature
1248 2118 1452 2174 specifice
1477 2133 1577 2162 cum
1605 2126 1778 2174 agente,
1805 2126 1853 2160 ut

306 2190 474 2243 species
497 2190 609 2242 ignis
636 2202 735 2230 cum
760 2189 872 2242 igne,
893 2190 995 2243 quia
1017 2203 1104 2230 non
1131 2196 1278 2242 potest
1300 2189 1503 2231 collocari
1530 2190 1574 2230 in
1596 2190 1682 2231 alia
1706 2190 1855 2244 specie

308 2273 465 2308 rerum,
489 2265 538 2299 ut
568 2272 655 2300 non
682 2265 749 2299 est
783 2259 825 2299 in
847 2259 991 2314 specie
1013 2259 1125 2300 aeris
1146 2259 1216 2300 vel
1238 2259 1427 2312 alterius,
1452 2273 1531 2301 nec
1561 2266 1627 2301 est
1658 2259 1852 2300 medium
1874 2271 1915 2303 30

309 2329 419 2368 inter
448 2334 625 2369 naturas
653 2342 797 2369 rerum
827 2329 1062 2382 specificas,
1091 2337 1240 2371 tamen
1262 2329 1430 2383 species
1455 2329 1535 2370 hec
1565 2335 1652 2370 non
1673 2329 1855 2370 sortitur

310 2411 472 2439 nomen
502 2398 615 2452 ignis
645 2411 723 2439 nec
749 2399 961 2440 individui
992 2399 1105 2452 ignis
1135 2399 1340 2441 habentis
1367 2413 1462 2441 esse
1493 2412 1570 2453 per
1599 2413 1659 2440 se.
1721 2398 1854 2440 Unde

357 2529 394 2557 17
420 2521 586 2551 seeundo
604 2522 658 2551 De
675 2519 828 2561 Anima]
848 2530 875 2551 c.
899 2530 956 2550 111
976 2530 1050 2560 sqq.

360 2635 373 2655 1
401 2626 582 2667 generant]
601 2636 772 2666 generans
788 2626 821 2657 F
976 2636 996 2666 3
1019 2625 1257 2667 corrumpunt]
1275 2630 1493 2666 corrumpant
1509 2625 1542 2656 F
1703 2625 1726 2655 6
1748 2624 1855 2667 dicta]

314 2677 466 2716 predicta
483 2678 515 2707 F
625 2680 646 2709 8
669 2678 764 2719 quia]
783 2678 872 2718 quod
889 2678 923 2709 F
1026 2689 1065 2710 12
1089 2679 1189 2710 modo
1203 2678 1228 2720 ;]
1252 2678 1373 2717 mod0;
1392 2683 1426 2709 et
1440 2678 1516 2708 ideo
1526 2676 1592 2708 FD
1693 2678 1855 2719 occurrit]

314 2729 462 2760 decurrit
476 2730 510 2759 D
603 2732 640 2762 18
657 2731 818 2772 suscipit]
831 2731 996 2762 sufficitF
1084 2741 1124 2771 19
1149 2730 1294 2772 lignum]
1312 2731 1346 2761 in
1364 2729 1491 2770 lignum
1507 2729 1573 2760 FD
1680 2731 1723 2760 26
1739 2739 1856 2760 essen-

315 2781 417 2822 ciam]
435 2781 665 2814 substanciam
682 2783 716 2813 D
857 2793 962 2824 29—31
989 2784 1105 2823 specie
1123 2808 1130 2816 .
1150 2807 1158 2815 .
1178 2808 1186 2815 .
1204 2787 1341 2814 naturas
1359 2793 1426 2814 om.
1445 2781 1479 2814 F
1605 2790 1648 2822 32
1672 2781 1855 2823 individui]

315 2832 525 2864 individuum
542 2834 576 2865 D
