1934 3152
25 875 64 896 10

24 1221 61 1253 15

23 1569 64 1590 20

22 1916 61 1947 25

22 2262 64 2294 30

831 129 878 170 71

84 231 188 272 dere
210 231 279 273 isti
298 231 446 279 forme,
471 244 612 284 neque
642 232 778 272 eciam
802 239 866 273 est
896 232 1189 288 corruptibilis
1212 232 1361 287 aliquo
1385 234 1517 275 modo
1544 249 1621 289 per

84 307 299 341 naturam.
361 299 643 354 Quapropter
675 307 819 342 totum
852 302 966 343 istud
991 316 1130 356 genus
1155 308 1220 344 est
1250 302 1474 344 materiale
1505 303 1618 357 prin-

83 370 258 423 cipium,
281 375 325 410 et
342 382 430 410 non
457 368 598 410 solum
618 369 712 423 ejus
734 372 930 412 materia.
986 371 1098 412 Item
1121 385 1221 412 cum
1238 372 1470 426 generacio
1493 373 1619 414 unius

83 440 139 480 sit
175 452 349 493 semper
380 439 608 493 corrupcio
639 438 832 490 alterius,
865 447 907 481 et
939 440 1019 482 hec
1049 447 1152 482 sunt
1194 441 1411 483 contraria
1447 441 1502 482 ad
1534 455 1620 494 que

85 509 268 550 materia
289 508 500 550 naturalis
522 514 587 549 est
610 509 652 549 in
680 510 898 562 potencia,
918 517 963 551 et
992 511 1207 552 contraria
1235 517 1337 552 sunt
1365 523 1451 565 que
1476 510 1620 564 posita

83 578 164 618 sub
187 578 343 619 eodem
366 591 526 631 genere
548 578 746 619 maxime
769 579 950 629 distant,
973 586 1020 621 ut
1042 580 1201 621 dicitur
1228 585 1275 630 40
1295 579 1618 633 Methaplzz'sz'ce,

83 647 260 701 oportet
291 648 411 701 quod
442 647 665 688 materiale
694 649 971 702 principium,
1001 650 1120 703 quod
1152 656 1218 691 est
1254 650 1297 690 in
1327 649 1531 704 potencia
1561 650 1617 690 ad

82 719 163 760 hec
195 718 425 766 contraria,
459 718 514 759 sit
544 731 696 771 genus,
732 724 777 759 et
808 725 974 760 certum
1007 726 1073 761 θεῖ
1104 719 1224 772 quod
1250 732 1420 773 semper
1451 719 1620 774 species

83 801 168 829 una
187 787 479 841 corrumpitur
511 793 555 829 et
586 787 670 828 alia
699 795 933 842 generatur
963 788 1077 830 circa
1110 788 1339 830 materiam
1362 788 1618 839 naturalem,

83 864 150 898 set
182 856 315 899 nichil
347 863 414 898 est
445 870 681 898 commune
707 857 1012 899 immediatum
1039 857 1265 912 speciebus
1294 857 1508 912 oppositis
1537 858 1618 898 nisi

82 940 220 981 genus
252 940 401 968 earum
432 927 700 980 proximum,
738 934 782 968 et
812 927 908 968 ideo
940 927 1023 968 hoc
1054 941 1193 980 genus
1230 933 1374 969 toturn
1408 934 1473 968 θεῖ
1506 927 1618 981 prin-

83 997 248 1051 cipium
277 995 516 1037 materiale.

143 1066 257 1108 Item
291 1071 338 1120 5⁰
371 1065 697 1120 llsetlzaplczkz'ca
734 1067 842 1108 dicit
880 1067 1142 1109 Aristoteles
1174 1067 1293 1122 quod
1332 1067 1485 1109 eadem
1517 1072 1619 1108 sunt

81 1149 241 1190 genere
262 1149 348 1189 que
369 1142 471 1177 sunt
493 1136 647 1177 eadem
672 1136 715 1177 in
740 1137 935 1187 materia,
958 1143 1001 1178 et
1018 1151 1042 1178 θ
1063 1150 1287 1187 converso,
1310 1150 1447 1190 quare
1478 1149 1617 1189 genus

83 1213 150 1248 est
176 1206 438 1260 principium
462 1205 688 1247 materiale
710 1207 751 1247 in
776 1207 904 1248 rebus
926 1206 1211 1248 naturalibus.

143 1275 258 1317 Item
281 1275 323 1316 in
346 1275 467 1316 omni
498 1277 874 1317 transmutacione
905 1276 1092 1317 naturali
1124 1276 1181 1317 ab
1213 1275 1433 1316 elemento
1463 1275 1505 1315 in
1538 1275 1618 1314 mi-

85 1352 229 1394 xtum,
252 1352 295 1386 et
325 1358 348 1385 e
369 1358 592 1396 converso,
610 1359 699 1386 non
727 1345 868 1386 solurn
892 1351 1087 1387 remanet
1110 1345 1292 1386 materia
1315 1344 1430 1385 illius
1451 1344 1620 1399 generis

83 1423 151 1458 set
178 1416 318 1457 forma
350 1415 444 1469 ejus
473 1421 518 1456 et
548 1421 642 1456 tota
671 1415 877 1457 essencia.
940 1415 1019 1457 Set
1056 1414 1164 1456 illud
1198 1415 1319 1469 quod
1350 1420 1547 1455 remanet
1576 1413 1618 1454 in

82 1493 179 1528 tota
202 1484 577 1528 transmutacione
599 1491 665 1526 est
686 1485 953 1539 principium
982 1485 1220 1536 materiale,
1242 1499 1346 1539 ergo
1369 1491 1514 1525 totum
1537 1483 1619 1525 hoc

81 1569 220 1611 genus
242 1555 400 1596 dicitur
420 1553 564 1595 solum
587 1554 812 1596 materiale
829 1555 1103 1608 principium.

142 1626 256 1667 Item
278 1637 365 1665 non
387 1623 531 1665 solum
555 1624 648 1678 ejus
674 1625 857 1665 materia
880 1629 1164 1679 promovetur
1185 1624 1227 1664 in
1251 1636 1346 1665 esse
1366 1621 1618 1677 specificum

82 1702 149 1737 set
171 1695 264 1749 ejus
294 1693 446 1744 forma,
468 1700 511 1735 et
537 1693 636 1734 ideo
664 1693 757 1747 ejus
787 1694 929 1735 forma
951 1700 1019 1735 est
1050 1693 1093 1734 in
1122 1693 1327 1747 potencia
1352 1692 1408 1733 ad
1439 1705 1619 1747 genera-

81 1765 254 1807 cionem
277 1777 354 1819 per
382 1769 529 1805 actum
552 1764 870 1817 acquirendum
900 1763 1012 1805 sicut
1038 1763 1132 1817 ejus
1161 1762 1356 1813 materia,
1379 1775 1483 1815 ergo
1509 1761 1619 1802 sicut

84 1834 270 1877 materia
293 1833 387 1888 ejus
407 1833 525 1874 cadit
548 1846 574 1874 a
596 1840 722 1887 parte
743 1833 946 1887 principii
970 1832 1220 1882 materialis,
1242 1832 1304 1872 sic
1325 1831 1419 1885 ejus
1441 1831 1593 1872 forma.

143 1904 257 1945 Item
287 1903 556 1944 Aristoteles
582 1901 741 1956 probat
769 1902 773 1958 Ι
801 1903 844 1942 in
879 1906 921 1954 7⁰
948 1900 1260 1955 Metlzaplzzlsz‘ce
1289 1900 1409 1954 quod
1440 1913 1618 1953 compo-

82 1974 215 2016 situm
234 1978 469 2028 generatur
492 1979 536 2013 et
557 1986 646 2013 non
663 1971 804 2014 forma
819 1978 1005 2020 tantum,
1023 1977 1091 2012 set
1108 1970 1371 2025 principium
1395 1969 1619 2011 materiale

82 2057 169 2085 non
191 2043 337 2085 differt
359 2043 416 2084 ab
438 2042 523 2083 hoc
545 2042 627 2083 nisi
657 2042 770 2084 sicut
792 2040 1111 2095 incompletum
1139 2055 1166 2082 a
1188 2039 1421 2094 completo,
1443 2045 1487 2081 et
1508 2039 1619 2080 sicut

82 2126 159 2155 ens
180 2113 222 2154 in
245 2113 450 2167 potencia
472 2113 528 2153 ad
549 2125 625 2153 ens
646 2112 689 2152 in
712 2118 825 2163 actu,
848 2111 952 2165 quia
974 2111 1092 2151 idem
1116 2116 1183 2151 θεῖ
1206 2110 1323 2163 prius
1349 2109 1392 2150 in
1415 2108 1618 2162 potencia

82 2196 216 2236 quam
239 2189 393 2237 postea
414 2180 462 2223 fit
482 2181 526 2221 in
542 2187 653 2230 acm,
671 2187 718 2222 ut
740 2181 924 2222 docetur
945 2181 988 2220 8⁰
1004 2178 1331 2232 Metlzaplzz‘szke,
1348 2184 1618 2232 quapropter

82 2253 195 2294 sicut
218 2251 516 2306 compositum
540 2257 605 2292 est
628 2251 669 2290 in
696 2251 834 2291 tercio
857 2249 1156 2303 generacionis
1177 2249 1238 2290 sic
1260 2249 1304 2289 in
1327 2247 1552 2302 principio,
1575 2253 1618 2288 et

82 2322 184 2363 ideo
216 2320 480 2374 principium
511 2319 736 2361 materiale
772 2332 860 2360 non
889 2326 954 2360 est
991 2332 1100 2373 pura
1134 2318 1316 2359 materia
1344 2323 1411 2360 set
1443 2330 1618 2370 compo-

82 2390 216 2432 situm
237 2407 245 2432 :
277 2403 412 2443 quare
434 2395 579 2430 totum
600 2402 738 2443 genus
756 2388 836 2429 erit
857 2388 1048 2442 primum
1066 2387 1327 2441 principium
1349 2385 1562 2436 naturale,
1576 2392 1618 2426 et

82 2473 168 2500 non
193 2459 286 2513 ejus
310 2459 405 2500 sola
434 2459 628 2500 materia.
691 2458 751 2498 Et
780 2459 836 2499 ad
863 2457 946 2498 hoc
976 2463 1041 2498 est
1070 2457 1189 2511 quod
1219 2456 1322 2498 dicit
1351 2455 1618 2497 Aristoteles

82 2529 125 2569 in
146 2528 360 2583 principio
382 2527 450 2569 De
475 2527 769 2578 Generacioue,
791 2529 909 2580 quod
940 2530 1046 2567 ‘non
1073 2533 1138 2568 est
1164 2526 1390 2568 conversio
1412 2527 1553 2566 tocius
1575 2525 1617 2566 in

123 2627 145 2657 6
167 2628 208 2656 4⁰
225 2624 518 2665 Methaphisiee]
541 2623 713 2654 Averroes
726 2623 814 2663 Epit.
832 2623 934 2655 Meta.
950 2623 1063 2655 Tract.
1073 2622 1219 2655 Tertius.
1237 2622 1528 2654 ‘Contrariavero
1539 2627 1618 2654 sunt

81 2678 202 2710 eadem
219 2687 346 2717 genere
364 2682 397 2708 et
412 2677 560 2707 maxime
577 2676 735 2707 differunt
749 2676 757 2687 '
775 2676 895 2717 (super
907 2675 984 2707 Met.
997 2685 1030 2706 x.
1049 2685 1087 2715 13
1103 2675 1193 2716 sqq.)
1353 2685 1392 2715 13
1416 2677 1454 2706 5⁰
1470 2678 1615 2707 Metha-

81 2729 244 2770 phisico]
262 2730 282 2761 l.
300 2740 333 2769 v,
354 2739 381 2760 c.
400 2738 452 2768 33.
569 2738 608 2768 13
631 2727 726 2769 sunt]
745 2731 787 2758 εὖ
803 2727 845 2758 Μ
944 2738 984 2758 22
1009 2727 1104 2769 ideo]
1122 2727 1189 2759 idio
1205 2727 1247 2758 M
1354 2737 1395 2767 25
1419 2730 1456 2761 7⁰
1473 2730 1617 2759 Metha-

82 2781 242 2823 phisico]
261 2781 282 2813 l.
301 2781 358 2821 vii,
377 2791 404 2812 c.
424 2791 452 2820 7,
473 2781 505 2819 8,
521 2791 552 2820 9.
741 2790 783 2820 29
807 2781 847 2810 8ο
870 2779 1164 2821 Methaphisice]
1181 2779 1204 2812 l.
1224 2780 1295 2820 viii,
1314 2789 1340 2811 c.
1362 2781 1419 2820 16;
1445 2779 1490 2811 ix.
1511 2791 1525 2811 1
1544 2790 1618 2820 sqq.

75 2845 126 2874 ‚34
150 2836 204 2866 De
230 2833 506 2874 Generaeione]
524 2833 544 2864 l.
562 2832 583 2869 i,
602 2843 630 2865 c.
651 2841 662 2863 1
685 2833 820 2873 passim.

1640 1910 1764 1942 18b2.
