1934 3152
817 114 869 156 Ι3

75 225 468 261 commentatorem
501 230 628 258 suum
661 230 747 259 non
779 223 1014 270 potuerunt
1046 216 1158 257 scire
1189 214 1433 256 naturalem
1472 214 1611 267 philo-

76 288 289 342 sophiam,
313 293 575 329 convertunt
597 300 642 327 se
664 287 719 327 ad
749 287 858 327 alias
884 285 1092 328 sciencias
1120 283 1339 326 naturales
1362 288 1546 337 septem,
1570 289 1613 323 et

77 358 133 399 ad
170 356 519 406 mathematicas,
553 362 596 396 et
630 356 686 396 ad
724 355 834 397 alios
865 361 1041 397 autores
1078 353 1289 396 naturalis
1325 351 1614 406 philosophie,

77 433 126 468 ut
148 427 203 468 ad
227 426 362 468 libros
385 426 523 474 Plinii,
545 432 590 465 et
617 424 794 475 senece,
815 431 858 466 et
881 425 1122 466 multorum
1148 424 1346 471 aliorum,
1368 429 1412 463 et
1433 422 1493 463 sic
1517 434 1614 474 per-

40 513 58 544 5
77 503 287 538 venerunt
308 496 364 536 ad
387 494 590 537 noticiam
609 495 888 546 naturalium,
903 495 959 536 de
976 495 1134 548 quibus
1150 492 1417 535 Aristoteles
1436 492 1478 532 in
1496 490 1617 532 libris

77 565 264 619 vulgatis
279 572 322 606 et
336 564 430 618 ejus
446 565 674 619 expositor
689 577 776 606 non
790 571 975 618 possunt
988 562 1239 606 satisfacere
1255 562 1401 605 studio
1416 560 1616 601 naturali.

139 635 250 677 Cum
273 635 404 688 igitur
425 634 480 674 ad
505 648 572 674 res
602 634 823 675 naturales
853 634 1054 675 sciendas
1076 638 1251 687 oportet
1279 645 1357 673 nos
1386 630 1494 672 scire
1516 636 1617 671 octo

79 702 286 746 sciencias
317 704 471 754 dictas,
494 717 568 745 seu
599 703 756 745 saltem
788 703 1073 745 medullarem
1105 716 1257 744 eorum
1286 700 1585 743 substanciam
1613 698 1617 754 Ι

79 774 251 816 decrevi
275 773 318 814 in
340 773 423 814 hoc
446 787 580 827 opere
600 772 805 828 colligere
826 773 882 814 de
903 772 1110 814 omnibus
1132 771 1327 814 scienciis
1349 769 1618 812 naturalibus
1637 786 1655 816 4
1675 786 1694 806 a
1712 784 1741 807 2.

21 861 60 884 10
81 844 289 899 quicquid
325 844 619 886 necessarium
663 845 745 886 erit
791 845 847 885 ad
891 844 1099 886 noticiam
1142 857 1286 884 rerum
1328 841 1617 883 naturalium:

80 914 366 968 similiterque
387 914 444 956 de
466 915 692 956 autoribus
711 914 806 955 aliis
828 912 1036 955 naturalis
1058 912 1360 968 philosophie:
1396 910 1619 953 similiter—

81 998 166 1038 que
199 997 277 1038 per
314 984 690 1032 mathematicam,
723 996 809 1037 que
843 983 992 1024 omnia
1025 997 1105 1025 suo
1136 984 1272 1024 modo
1308 980 1532 1030 certificat,
1563 979 1620 1020 ad

81 1067 256 1096 sensum
289 1054 331 1094 in
363 1053 528 1108 figuris,
560 1053 870 1107 superficiebus
894 1053 1204 1106 corporalibus,
1226 1050 1553 1100 lineacionibu5‚
1576 1055 1621 1090 et

81 1123 252 1178 angulis
289 1123 470 1164 intendo
499 1124 746 1177 procedere,
778 1128 826 1163 ut
858 1122 1139 1163 manifestum
1173 1121 1251 1162 fiat
1282 1120 1402 1174 quod
1435 1133 1512 1173 per
1542 1118 1622 1159 has

25 1206 62 1239 15
82 1194 173 1234 vias
206 1191 462 1246 magnificas
493 1193 663 1246 possint
699 1191 929 1246 magnifice
963 1192 1059 1234 sciri
1096 1191 1312 1232 naturalia
1344 1196 1389 1231 et
1423 1202 1510 1230 non
1544 1201 1622 1242 per

81 1263 172 1303 vias
203 1262 416 1316 vulgatas,
449 1276 536 1315 que
566 1269 745 1303 actenus
775 1269 875 1304 sunt
906 1261 950 1302 in
988 1275 1080 1302 usu.
1156 1260 1260 1301 Non
1291 1260 1407 1301 enim
1441 1259 1623 1300 intendo

82 1332 162 1373 hac
175 1332 270 1374 vice
283 1331 471 1374 scribere
484 1332 624 1373 eciam
638 1338 852 1373 tractatus
867 1332 922 1373 de
936 1330 1118 1386 singulis
1133 1330 1329 1372 scienciis
1337 1328 1623 1377 naturalibus,

80 1402 326 1442 secundum
374 1402 597 1455 propriam
641 1401 844 1452 formam,
885 1408 952 1442 set
993 1402 1050 1442 ab
1097 1401 1159 1442 eis
1210 1398 1445 1441 extrahere
1497 1398 1617 1452 quod

83 1470 371 1512 necessarium
395 1476 462 1512 est
482 1471 661 1512 cuilibet
685 1472 745 1512 rei
769 1470 954 1512 naturali
977 1471 1032 1511 de
1054 1484 1143 1524 qua
1171 1469 1272 1511 volo
1301 1468 1436 1522 loqui,
1457 1474 1506 1508 ut
1535 1481 1621 1521 que

24 1559 64 1582 20
83 1541 136 1582 de
170 1540 402 1582 celestibus
438 1541 642 1581 dicuntur
670 1542 713 1581 in
737 1540 1025 1582 Astronomz‘a
1062 1540 1233 1593 triplici,
1263 1546 1307 1581 et
1328 1539 1440 1580 libro
1469 1537 1560 1580 Celz'
1584 1543 1626 1577 et

87 1610 252 1651 Mundi
271 1609 410 1651 eciam
432 1610 689 1652 Aristotelis
711 1617 755 1652 et
777 1611 896 1664 apud
918 1624 1071 1651 omnes
1090 1615 1277 1658 autores,
1293 1609 1396 1650 volo
1416 1609 1622 1650 reducere

85 1678 129 1720 in
160 1693 307 1730 unum,
330 1687 378 1721 ut
408 1694 433 1721 a
455 1693 719 1733 quocunque
739 1680 808 1721 vel
840 1680 883 1720 in
905 1681 1242 1735 quibuscunque
1276 1680 1396 1720 libris
1429 1678 1623 1720 invenia-

84 1754 168 1799 tur,
218 1749 449 1791 reducatur
499 1749 556 1790 ad
606 1749 911 1792 conclusiones
961 1751 1163 1793 sciendas
1215 1764 1293 1805 per
1333 1749 1534 1791 ordinem
1580 1748 1623 1788 in

85 1818 332 1870 celestibus,
355 1825 399 1860 et
425 1819 485 1860 sic
515 1820 570 1861 de
598 1819 840 1873 elementis,
863 1826 907 1861 et
933 1834 1010 1874 per
1038 1820 1181 1862 simile
1211 1821 1267 1861 de
1300 1819 1465 1869 mixtis,
1488 1825 1532 1859 et
1562 1818 1623 1858 ita

28 1904 66 1936 25
86 1888 142 1929 de
173 1889 390 1939 omnibus,
424 1903 561 1942 usque
592 1890 649 1931 ad
679 1889 834 1931 ultima
863 1890 1120 1932 naturaliter
1150 1895 1373 1944 generata.
1448 1888 1622 1942 Quibus

86 1956 225 2008 factis,
249 1958 283 1998 si
314 1972 425 2012 opus
458 1965 524 2000 est
556 1960 661 2000 dare
693 1959 900 2001 sciencias
933 1959 1155 2001 naturales
1187 1958 1383 2013 singulas
1415 1959 1458 1999 in
1481 1957 1621 1999 forma

87 2027 273 2080 propria,
295 2027 365 2068 vel
394 2042 477 2081 ego
507 2029 744 2081 procedam
777 2029 837 2070 ad
863 2029 960 2080 hoc,
982 2029 1051 2070 vel
1083 2029 1155 2070 alii
1189 2042 1266 2083 per
1297 2028 1469 2070 labores
1500 2041 1621 2068 meos

84 2102 291 2149 poterunt
318 2098 514 2139 excitari.
578 2097 721 2152 Cupio
744 2105 892 2140 tamen
917 2105 1154 2141 tractatum
1183 2098 1546 2152 compendiosum
1569 2097 1624 2137 de

86 2166 367 2220 Perspectz'va
402 2181 681 2221 componere,
718 2169 820 2221 quia
852 2169 932 2210 hec
974 2175 1040 2210 est
1076 2168 1267 2223 pulcrior
1302 2168 1411 2220 aliis,
1447 2174 1491 2209 et
1528 2167 1622 2207 sine

28 2251 69 2283 30
87 2235 169 2276 hac
190 2235 321 2275 nichil
345 2243 494 2290 potest
517 2237 748 2292 magnifice
770 2239 1042 2291 pertractari.
1106 2238 1329 2292 Quoniam
1351 2244 1501 2279 autem
1518 2243 1623 2278 nata

123 2323 173 2360 '29
198 2323 318 2358 Cupio
335 2327 460 2353 tamen
479 2346 486 2353 .
506 2346 513 2353 .
531 2345 538 2352 .
585 2322 658 2353 The
678 2321 884 2353 Communia
900 2321 1120 2353 Naturalium
1140 2323 1256 2354 would
1283 2322 1454 2354 therefore
1476 2323 1517 2354 be
1534 2332 1625 2353 com-

88 2374 192 2411 posed
210 2374 327 2404 before
344 2374 403 2405 the
422 2374 518 2413 Opus
535 2373 660 2416 Majus,
681 2374 829 2414 Fbeing
845 2385 864 2405 a
881 2374 968 2406 later
985 2375 1113 2406 edition
1131 2376 1169 2406 of
1181 2386 1224 2407 an
1242 2375 1364 2406 earlier
1381 2375 1467 2407 form
1484 2376 1523 2406 of
1536 2375 1572 2408 it.

134 2459 147 2479 1
176 2450 376 2491 potuerunt]
395 2460 497 2490 posse
514 2449 548 2479 D
711 2460 730 2480 2
754 2449 973 2491 convertunt]
993 2455 1238 2482 convertuntur
1254 2450 1287 2481 F
1445 2460 1509 2490 2—3
1533 2455 1567 2482 et
1583 2451 1626 2482 ad

88 2511 154 2533 om.
171 2501 205 2532 F
337 2512 358 2542 3
381 2503 423 2533 ad
441 2502 545 2543 alios]
563 2502 648 2533 alios
666 2501 699 2532 D
840 2512 860 2542 5
885 2502 1061 2544 noticiam]
1078 2503 1261 2534 scienciam
1279 2502 1314 2534 D
1461 2514 1478 2543 7
1503 2503 1624 2544 igitur]

89 2563 173 2594 ergo
189 2553 224 2585 D
313 2555 466 2596 oportet]
484 2559 642 2595 oporteat
658 2554 692 2584 F
808 2555 829 2585 8
853 2555 987 2597 eorum]
1006 2565 1123 2586 earum
1139 2555 1205 2586 FD
1332 2565 1372 2586 10
1395 2556 1477 2597 erit]
1495 2560 1548 2588 est
1560 2555 1625 2586 FD

93 2605 128 2637 11
154 2606 326 2650 similiter]
343 2618 447 2649 super
463 2608 498 2638 D
607 2607 795 2649 autoribus]
813 2608 1072 2639 auctoritatibus
1087 2608 1121 2639 F
1271 2618 1309 2639 12
1334 2619 1400 2648 que
1416 2608 1493 2650 per]
1512 2619 1574 2649 per
1590 2608 1625 2639 D

92 2668 198 2699 12—13
221 2660 264 2691 ad
280 2670 423 2692 sensum
441 2671 507 2692 om.
528 2660 562 2690 D
675 2670 713 2699 14
736 2661 825 2700 quod
842 2671 908 2692 om.
929 2659 964 2690 D
1077 2662 1117 2692 16
1140 2661 1296 2701 vulgatas
1312 2672 1376 2693 om.
1395 2660 1431 2691 D
1520 2661 1627 2702 enim]

91 2719 203 2744 tamen
216 2712 265 2743 F:
288 2723 363 2744 curn
376 2713 411 2744 D
502 2723 513 2743 1
524 2724 540 2752 7
566 2713 626 2744 hac
642 2713 716 2744 vice
729 2723 792 2744 om.
808 2713 843 2743 D
919 2713 1026 2744 eciam
1040 2723 1105 2745 om.
1121 2713 1186 2744 FD
1263 2713 1428 2755 singulis]
1445 2714 1579 2754 angulis
1597 2715 1631 2745 D

95 2765 133 2795 18
156 2765 224 2807 eis]
241 2766 307 2796 hiis
322 2766 356 2797 F
438 2775 480 2796 20
503 2765 605 2807 libro]
624 2766 655 2796 in
675 2765 760 2796 libro
778 2765 812 2796 D
900 2776 938 2796 21
966 2766 1073 2797 eciam
1091 2777 1155 2797 om.
1175 2766 1209 2796 F
1290 2776 1332 2797 22
1355 2766 1410 2798 vel
1426 2766 1477 2809 in]
1490 2767 1544 2798 vel
1561 2778 1580 2798 a
1597 2767 1632 2798 D

91 2826 133 2856 23
149 2818 191 2848 ad
208 2828 274 2850 om.
286 2817 323 2848 D
366 2819 407 2848 26
424 2822 476 2849 est
492 2828 559 2849 om.
573 2817 606 2848 F
661 2827 701 2857 27
718 2815 790 2858 vel]
803 2822 839 2848 ut
856 2816 929 2848 MD
988 2819 1096 2858 28-30
1116 2818 1225 2859 Cupio
1240 2841 1247 2849 .
1264 2842 1271 2849 .
1286 2842 1293 2849 .
1311 2819 1511 2859 pertractari
1525 2830 1591 2850 om.
1605 2819 1637 2850 F
