1934 3152
128 132 145 148 ⁰
818 133 896 175 107

87 237 328 279 secundum
354 250 401 277 se
423 242 488 277 est
515 237 721 278 erronica.
785 237 903 277 Nam
930 244 1034 277 tunc
1063 240 1178 277 esset
1210 234 1352 276 omnis
1380 234 1625 287 predicacio

87 306 308 360 equivoca,
339 306 442 360 quia
475 312 580 347 tunc
612 307 647 346 si
684 307 843 348 dicitur
877 306 1081 348 Socrates
1119 311 1186 346 est
1219 303 1366 353 homo,
1400 303 1527 344 Plato
1559 309 1625 343 est

87 377 237 425 horno,
261 376 297 416 si
318 375 448 416 nichil
471 389 706 417 commune
734 382 801 416 est
834 375 894 416 eis
926 388 1005 429 per
1030 373 1434 429 participacionem,
1454 379 1521 413 set
1550 385 1627 425 per

88 444 228 486 solam
258 445 565 494 imitacionem,
594 445 711 486 idem
744 445 992 498 predicatur
1019 444 1076 485 de
1107 458 1164 493 se,
1194 442 1311 483 unde
1337 455 1435 483 cum
1468 440 1628 482 dicitur

49 534 67 566 5
89 514 294 556 Socrates
317 520 384 555 est
405 514 553 563 homo,
568 521 613 555 et
629 514 756 555 Plato
783 521 849 555 est
870 514 1017 565 homo,
1044 512 1125 554 erit
1152 525 1304 554 sensus
1327 510 1531 553 Socrates
1560 516 1627 551 est

90 583 309 636 Socrates,
331 590 375 625 et
397 582 525 625 Plato
552 591 618 625 est
652 583 789 624 Plato.
855 582 935 624 Set
969 582 1234 623 Aristoteles
1256 582 1387 622 docet
1410 583 1454 633 7⁰
1475 578 1627 620 Phisi-

88 660 235 694 cor'um
256 654 376 707 quod
408 645 511 694 Vera
532 653 785 694 univocacio
815 660 880 694 est
902 652 946 692 in
968 652 1111 706 specie
1141 650 1465 705 specialissima,
1487 657 1531 691 et
1552 662 1629 702 per

89 729 232 764 totam
258 722 447 776 logicam
470 723 658 764 habetur
679 723 799 776 quod
822 723 988 776 species
1009 721 1260 776 predicatur
1282 720 1467 761 univoce
1488 718 1544 760 de
1567 719 1629 758 in-

90 792 293 834 dividuis.
346 793 461 834 Item
475 793 717 834 secundum
735 792 818 833 hoc
837 798 983 833 essent
1004 790 1099 832 sola
1120 790 1347 831 individua
1363 789 1444 830 sub
1460 800 1631 842 genere,

33 882 72 904 10
91 868 134 903 et
156 861 277 902 nulla
303 863 480 917 species,
504 869 551 904 ut
578 869 712 917 patet.
776 862 896 915 Ergo
917 860 1099 901 tolletur
1127 873 1262 900 unum
1293 858 1348 899 de
1378 855 1631 899 universali-

93 932 175 973 bus
207 931 385 973 famosis
417 933 536 986 quod
571 947 666 974 esse
698 945 785 973 non
812 937 970 986 potest,
1000 936 1044 972 et
1074 929 1207 983 juxta
1238 928 1386 969 omnia
1417 941 1501 980 que
1534 925 1630 967 dixi

91 1002 147 1044 de
176 1002 494 1044 universalibus
522 1009 588 1043 est
622 1015 757 1043 unum
789 1000 1156 1042 considerandum
1189 998 1308 1051 quod
1342 997 1510 1050 logicus
1541 1008 1629 1036 non

92 1077 240 1125 potest
271 1073 520 1125 exprimere
548 1072 812 1113 sufficienter
844 1069 1116 1111 universalia.
1168 1067 1172 1122 Ι
1229 1068 1345 1108 Nam
1378 1066 1532 1108 eadem
1565 1070 1631 1106 est

95 1142 373 1194 comparacio
395 1141 651 1182 universalis
677 1140 911 1195 cujuslibet
935 1139 992 1180 ad
1023 1137 1270 1192 singularia,
1294 1142 1342 1177 ut
1362 1136 1475 1178 sicut
1496 1135 1632 1175 homo

32 1229 70 1260 15
94 1217 375 1264 comparatur
406 1211 462 1252 ad
500 1211 633 1252 istum
670 1210 896 1251 hominem
930 1215 975 1250 et
1006 1207 1143 1257 illum,
1174 1206 1235 1248 sic
1268 1205 1428 1247 animal
1460 1206 1516 1245 ad
1549 1203 1632 1244 hoc

92 1280 256 1322 animal
279 1287 323 1321 et
348 1279 468 1330 illud,
494 1287 539 1321 et
561 1294 720 1334 corpus
742 1281 799 1321 ad
821 1278 905 1320 hoc
929 1291 1086 1332 corpus
1108 1283 1153 1318 et
1175 1275 1294 1325 illud,
1316 1281 1360 1316 et
1380 1274 1632 1315 substancia

91 1350 149 1392 ad
171 1349 285 1391 hanc
307 1350 605 1392 substanciam
629 1356 672 1391 et
692 1349 826 1390 illam.
888 1347 977 1389 Sed
1005 1346 1142 1387 homo
1166 1358 1256 1386 non
1282 1345 1362 1385 erit
1394 1356 1532 1396 genus
1554 1355 1632 1383 nec

95 1419 347 1462 differencia
375 1425 576 1473 respectu
599 1419 722 1460 istius
744 1417 937 1459 hominis
969 1423 1014 1458 et
1043 1415 1171 1466 illius,
1194 1428 1273 1456 nec
1304 1413 1531 1467 proprium
1554 1424 1633 1452 nec

92 1489 294 1531 accidens
326 1495 375 1530 ut
405 1495 540 1544 patet,
570 1503 648 1530 nec
681 1488 935 1531 subalterna
956 1486 1137 1540 species,
1160 1491 1207 1525 ut
1240 1483 1520 1525 manifestum
1553 1487 1635 1532 est,

32 1577 74 1599 20
93 1573 171 1601 nec
213 1559 527 1614 specialissima
558 1559 661 1612 quia
698 1559 783 1599 ista
824 1557 984 1599 dicitur
1020 1570 1099 1610 per
1134 1554 1432 1609 privacionem
1466 1550 1632 1604 specie-

94 1643 204 1679 rum,
236 1629 340 1683 quia
370 1642 457 1669 non
487 1629 623 1669 habet
651 1627 818 1682 species
850 1627 932 1668 sub
954 1639 1010 1675 se,
1033 1631 1081 1665 ut
1111 1624 1219 1665 dicit
1240 1621 1459 1670 Porfirius,
1481 1626 1525 1661 et
1547 1632 1634 1660 non

93 1704 277 1753 propter
306 1698 591 1740 affeccionem
624 1698 816 1739 habendi
854 1695 1088 1737 individua.
1166 1693 1281 1735 Item
1313 1698 1416 1733 tunc
1453 1702 1632 1743 genera-

94 1768 309 1809 lissimum
328 1774 443 1809 esset
464 1768 731 1821 specificum,
751 1767 854 1820 quia
875 1763 1128 1806 substancia
1149 1762 1287 1804 habet
1307 1759 1491 1802 eandem
1512 1771 1631 1799 com-

94 1837 366 1893 posicionem
389 1837 444 1878 ad
466 1851 546 1878 sua
573 1837 813 1887 individua,
835 1835 947 1875 sicut
978 1834 1114 1874 homo
1144 1832 1201 1873 ad
1234 1845 1322 1872 sua.
1386 1829 1500 1870 Item
1531 1833 1636 1867 tunc

35 1923 75 1954 25
95 1907 321 1962 proprium
361 1914 404 1948 et
436 1907 639 1948 accidens
671 1912 816 1947 essent
856 1904 1022 1958 species
1055 1901 1379 1957 specialissime,
1414 1911 1517 1938 nam
1550 1909 1636 1950 que

96 1984 162 2018 est
190 1976 469 2031 comparacio
489 1976 681 2017 hominis
704 1976 759 2016 ad
786 1974 900 2015 hunc
931 1972 1155 2014 hominem
1188 1977 1231 2012 et
1264 1969 1402 2018 illurn,
1426 1974 1494 2008 est
1515 1980 1634 2008 corn-

95 2046 274 2100 paracio
303 2045 434 2099 hujus
464 2045 553 2087 albi
585 2046 641 2085 ad
673 2045 757 2085 hoc
788 2043 939 2084 album
973 2049 1018 2083 et
1049 2041 1169 2092 illud,
1192 2046 1237 2081 et
1267 2037 1439 2080 risibilis
1464 2036 1521 2078 ad
1552 2035 1637 2076 hoc

98 2115 263 2157 risibile
299 2120 342 2156 et
380 2114 499 2165 illud,
535 2120 805 2169 quapropter
841 2112 1078 2154 dicendum
1114 2110 1236 2164 quod
1273 2108 1441 2162 primus
1478 2105 1637 2146 modus

98 2185 410 2226 universalium
442 2190 508 2225 est
537 2185 776 2225 secundum
809 2183 927 2235 quod
950 2188 1106 2223 natura
1128 2179 1274 2233 aliqua
1295 2184 1362 2219 est
1391 2174 1638 2218 communis

38 2269 79 2301 30
99 2254 204 2296 solis
236 2254 482 2303 individuis,
504 2260 548 2294 et
577 2253 660 2295 hoc
692 2251 936 2293 universale
967 2263 1054 2291 non
1087 2254 1153 2291 est
1185 2247 1461 2289 nominatum
1492 2244 1637 2287 adhuc

99 2330 144 2366 et
167 2324 380 2378 reperitur
405 2323 448 2364 in
478 2323 683 2364 omnibus
715 2320 1033 2362 universalibus
1066 2317 1315 2360 Porfirianis
1346 2323 1391 2358 et
1423 2321 1490 2356 est
1521 2327 1639 2356 com-

100 2407 234 2434 mune
260 2394 318 2435 ad
347 2393 506 2442 omnia,
528 2399 576 2433 ut
607 2398 730 2447 patet
762 2392 804 2431 in
835 2403 994 2445 genere
1023 2387 1352 2443 generalissimo
1383 2392 1427 2427 et
1458 2385 1500 2425 in
1529 2382 1639 2424 aliis.

102 2463 249 2505 Aliter
285 2469 353 2504 est
395 2461 638 2502 universale
671 2461 790 2514 quod
836 2460 972 2501 habet
1007 2457 1394 2512 comparacionem
1429 2454 1560 2495 aliam
1594 2457 1639 2494 et

100 2533 186 2575 hoc
228 2539 379 2586 potest
421 2545 516 2573 esse
552 2531 744 2584 quinque
786 2529 930 2570 modis
971 2541 997 2568 a
1035 2526 1217 2568 Porfirio
1257 2524 1502 2578 assignatis.
1579 2522 1641 2563 Et

41 2615 81 2648 35
101 2603 222 2657 quod
255 2601 499 2643 universale
535 2601 702 2642 dictum
739 2599 795 2640 sit
833 2598 951 2639 aliud
984 2602 1129 2650 preter
1160 2596 1366 2649 quinque,
1403 2599 1528 2648 patet
1564 2605 1643 2646 per

100 2671 379 2713 Avicennam
431 2672 475 2711 in
528 2670 640 2711 libro
688 2669 831 2723 primo
877 2666 1045 2720 Logice,
1087 2665 1160 2706 ubi
1213 2664 1325 2706 hanc
1371 2662 1641 2704 sentenciam

103 2740 305 2782 affirmat.

146 2828 168 2858 6
190 2829 229 2860 7⁰
239 2824 497 2866 Phisioorum]
515 2835 542 2856 c.
561 2824 658 2855 26-8.
782 2824 826 2862 36
848 2823 1046 2853 Avicenna
1063 2819 1218 2861 Logice]
1236 2819 1257 2851 f.
1277 2829 1309 2860 3,
1327 2818 1358 2850 b.
1379 2829 1409 2860 2,
1429 2819 1464 2850 in
1481 2817 1530 2849 ed.
1546 2817 1641 2858 1508.

1653 1076 1730 1116 29b
1757 1084 1784 1108 Ι.
