1934 3152
827 174 879 212 41

85 281 288 324 <licularis
325 294 455 334 super
492 279 601 320 illud
639 292 811 333 corpus,
853 277 955 332 quia
997 277 1080 318 iste
1112 275 1242 324 solus,
1277 274 1311 314 si
1334 266 1549 315 'trahatur
1587 274 1629 313 in

83 351 341 393 continuum
385 357 429 391 et
463 350 691 400 directum,
725 349 846 390 vadit
883 350 925 388 in
960 353 1159 389 centrum
1201 344 1408 397 eorporis,
1448 349 1491 384 et
1529 343 1629 383 ideo

85 421 156 463 ille
179 427 245 462 est
267 419 543 467 fortissimus,
566 426 608 460 et
630 418 764 460 habet
786 417 916 472 longe
935 417 1033 471 plus
1053 416 1110 457 de
1131 415 1306 456 virtute.

145 490 204 530 Et
226 489 297 530 isti
321 489 429 530 radii
453 488 849 543 perpendiculares,
872 501 924 529 eo
946 486 1065 541 quod
1081 489 1347 527 concurrunt
1364 483 1406 522 in
1429 487 1629 523 centrum

39 555 64 611 '5
84 560 291 613 corporis,
314 572 401 600 non
425 564 527 600 sunt
548 558 892 612 equidistantes;
924 562 1072 612 potest
1100 561 1250 596 tamen
1277 552 1430 594 oculus
1454 565 1546 592 esse
1569 551 1631 592 ita

85 630 215 683 longe
236 644 262 670 a
294 642 489 683 corpore,
522 628 640 683 quod
673 641 760 669 non
792 626 1005 682 percipiet
1036 638 1309 671 concursum,
1341 629 1384 664 et
1412 620 1631 675 judicabit

86 699 231 741 radios
268 698 380 740 tales
419 712 514 740 esse
554 698 888 752 equidistantes‚
918 697 1029 738 sicut
1061 695 1221 737 accidit
1254 692 1381 734 nobis
1413 693 1468 733 de
1501 691 1632 732 radiis

84 768 200 817 solis,
234 774 277 809 et
316 769 414 809 ideo
449 768 700 822 judicamus
738 767 916 808 umbras
950 779 1093 808 rerum
1133 765 1402 806 diversarum
1441 760 1631 814 equidis-

83 845 240 888 tantes,
264 839 444 892 quando
474 843 763 893 opponuntur
789 837 881 885 soli,
905 842 972 878 set
998 849 1087 877 non
1112 833 1356 875 secundum
1386 830 1629 872 veritatem.

25 927 64 951 ιο
85 907 232 949 Multa
259 906 264 964 Ι
293 908 410 949 enim
429 909 633 949 videntur
654 907 936 962 equidistare‚
959 906 1062 959 quia
1085 917 1172 945 non
1196 902 1460 957 percipimus
1478 913 1630 941 eorum

85 991 361 1028 concursum,
400 984 448 1019 ut
481 977 669 1031 parietes
704 978 865 1018 domus
897 974 1133 1030 cujuslibet
1164 974 1221 1014 ad
1253 985 1429 1013 sensum
1463 970 1631 1024 equidi-

84 1053 263 1098 stantes,
300 1049 378 1089 sed
417 1061 504 1089 non
538 1055 651 1096 sunt,
688 1047 791 1101 quia
828 1059 958 1086 omne
992 1057 1124 1098 grave
1160 1043 1303 1084 tendit
1340 1041 1396 1082 ad
1431 1047 1630 1081 centrum

86 1117 355 1170 naturaliter,
388 1126 431 1159 et
465 1118 564 1158 ideo
597 1123 740 1158 rueret
771 1116 941 1164 domus,
977 1116 1011 1156 si
1044 1119 1190 1155 essent
1221 1111 1402 1152 omnino
1439 1109 1631 1163 equidis-

84 1194 240 1229 tantes.
303 1188 363 1228 Et
404 1187 553 1229 circuli
595 1185 822 1228 meridiani
856 1184 1127 1226 diversarum
1162 1182 1388 1223 civitatum
1429 1180 1633 1220 videntur

28 1276 64 1308 ¹5
85 1270 178 1298 esse
222 1257 552 1311 equidistantes‚
595 1262 638 1298 et
680 1256 792 1297 linee
835 1254 1046 1305 meridiei,
1093 1252 1197 1306 quia
1238 1264 1326 1292 non
1368 1248 1632 1304 percipimus

85 1340 359 1378 concursum,
382 1333 425 1368 et
447 1334 597 1368 tamen
614 1331 876 1368 concurrunt
899 1325 942 1366 in
963 1323 1091 1378 polos
1115 1320 1280 1363 mundi.

145 1397 226 1438 Est
260 1397 400 1438 eciam
430 1396 656 1438 sciendum
685 1396 805 1451 quod
836 1396 906 1437 isti
932 1394 1040 1437 radii
1067 1392 1143 1447 qui
1172 1392 1336 1434 cadunt
1362 1390 1405 1430 in
1433 1395 1631 1431 centrum

87 1466 284 1520 corporis
315 1467 471 1520 sperici
503 1482 529 1508 a
561 1480 649 1520 quo
681 1466 875 1514 veniunt,
905 1470 1009 1506 sunt
1037 1463 1098 1505 illi
1130 1476 1208 1518 per
1244 1474 1353 1516 quos
1381 1459 1634 1514 judicamus

86 1538 265 1590 quando
304 1537 634 1578 consideramus
670 1535 822 1577 stellas
855 1550 934 1590 per
970 1534 1186 1576 foramina
1227 1532 1632 1572 instrumentorum.

23 1624 65 1647 20
87 1607 222 1648 Unde
238 1612 519 1648 astronomus
543 1613 588 1648 et
616 1605 931 1661 perspectivus‚
953 1604 1028 1659 qui
1050 1602 1340 1657 experiuntur
1364 1597 1634 1653 hujusmodi,

86 1683 269 1717 utuntur
300 1675 395 1717 istis
427 1676 561 1717 radiis
593 1676 697 1729 quia
735 1674 962 1716 sensibiles
993 1680 1096 1715 sunt
1126 1678 1171 1714 et
1209 1670 1354 1712 fortes.
1417 1667 1633 1723 Quamvis

86 1745 202 1787 enim
233 1760 259 1787 a
291 1745 499 1799 porcione
531 1745 680 1799 aliqua
717 1745 912 1800 corporis
946 1742 1102 1798 sperici
1136 1740 1299 1795 objecti
1340 1738 1401 1780 rei
1444 1737 1634 1792 pacienti

85 1816 233 1857 veniat
255 1830 343 1857 una
364 1815 544 1870 piramis
577 1815 745 1857 habens
771 1815 917 1856 radios
944 1813 1149 1863 infinitos,
1170 1811 1245 1866 qui
1270 1810 1381 1851 fiunt
1402 1822 1428 1849 a
1449 1807 1633 1861 singulis

85 1885 257 1940 punctis
291 1886 407 1926 illius
439 1885 671 1940 porcionis,
693 1892 738 1927 et
769 1898 921 1926 omnes
953 1888 1214 1925 concurrunt
1246 1880 1290 1921 in
1319 1891 1477 1920 conum
1501 1890 1633 1931 pyra-

25 1974 64 2006 25
87 1955 217 1997 midis
239 1970 339 1997 cum
363 1957 484 1997 radio
513 1955 874 2010 perpendiculari,
896 1961 1045 1996 tamen
1076 1966 1188 1994 unus
1218 1951 1337 1993 solus
1359 1955 1426 1990 est
1447 1959 1632 2002 perpen-

86 2025 293 2067 dicularis
314 2026 356 2066 in
379 2039 465 2067 una
483 2025 728 2080 pyramide,
751 2032 795 2066 et
825 2024 898 2066 ille
920 2021 1292 2079 perpendicularis
1313 2016 1567 2061 dominatur
1589 2016 1632 2056 in

87 2094 356 2146 fortitudine,
379 2102 422 2136 et
444 2102 511 2136 est
532 2095 632 2137 axis
652 2087 910 2149 pyramidis,
935 2100 978 2135 et
1005 2099 1101 2134 tota
1122 2089 1319 2146 pyramis
1340 2089 1397 2130 ab
1419 2102 1472 2129 eo
1495 2086 1633 2128 nomi-

87 2171 215 2205 natur
228 2165 347 2219 apud
364 2165 802 2219 experimentatores,
819 2170 863 2205 et
881 2169 1063 2205 vocatur
1077 2162 1222 2203 radius
1239 2159 1433 2212 corporis
1450 2156 1633 2210 agentis,

86 2241 133 2275 ut
163 2241 285 2288 patet
311 2234 355 2275 in
380 2233 531 2288 figura.
597 2234 714 2274 Nam
744 2234 799 2275 sit
824 2249 852 2274 a
880 2240 1079 2276 centrum
1106 2237 1151 2273 et
1181 2230 1234 2271 dc
1262 2230 1320 2271 sit
1351 2227 1500 2283 porcio
1529 2225 1633 2267 solis

23 2321 68 2353 30
88 2304 264 2358 objecta
286 2310 414 2355 terre,
431 2310 475 2345 et
497 2304 521 2345 b
539 2303 595 2345 sit
617 2317 754 2344 conus
776 2303 1018 2357 pyramidis
1033 2301 1232 2343 cadentis
1248 2299 1290 2339 in
1312 2305 1438 2347 terra,
1452 2295 1631 2350 planum

87 2380 152 2414 est
179 2374 297 2427 quod
329 2373 374 2413 cb
405 2372 554 2414 radius
588 2373 706 2414 cadit
740 2373 784 2413 in
816 2378 1015 2413 centrum
1048 2369 1167 2420 solis,
1189 2376 1233 2411 et
1258 2367 1402 2409 nullus
1424 2366 1534 2407 alius
1555 2365 1632 2419 qui

88 2450 154 2484 est
176 2443 231 2484 de
254 2456 437 2496 corpore
459 2442 714 2495 pyramidis,
736 2442 940 2495 quamvis
961 2441 1048 2481 sint
1070 2434 1238 2480 infiniti.
1301 2437 1418 2477 Nam
1428 2436 1488 2490 fb
1509 2441 1554 2476 et
1570 2435 1632 2489 gb

87 2512 308 2554 declinant
341 2526 366 2552 a
397 2518 547 2553 centro
579 2511 696 2562 solis,
719 2518 768 2552 ut
793 2517 927 2565 patet,
962 2517 1006 2551 et
1037 2509 1098 2551 sic
1124 2509 1180 2549 de
1208 2506 1413 2548 omnibus
1445 2505 1542 2546 aliis
1573 2505 1632 2546 ab

85 2582 145 2634 eb,
167 2589 211 2624 et
233 2582 331 2624 ideo
353 2588 419 2623 est
441 2580 812 2636 perpendicularis
833 2594 964 2634 super
985 2592 1142 2633 corpus
1165 2578 1280 2626 solis,
1309 2582 1354 2618 et
1377 2575 1477 2618 axis
1501 2588 1631 2629 pyra-

132 2726 147 2747 1
174 2716 256 2758 iste]
274 2716 331 2747 ille
347 2716 380 2747 F
464 2716 493 2747 si
511 2714 681 2756 trahatur]
699 2715 917 2755 protrahatur
932 2713 979 2745 F:
1004 2714 1032 2744 si
1049 2713 1267 2754 protrahatur
1282 2712 1317 2742 D
1406 2721 1426 2749 4
1451 2710 1522 2753 isti]
1541 2710 1587 2741 illi
1604 2709 1638 2741 F

91 2779 126 2800 11
154 2768 373 2810 concursum]
392 2777 579 2800 concursus
596 2767 631 2797 D
740 2767 780 2797 16
804 2765 856 2807 in]
874 2767 916 2797 ad
932 2766 966 2797 F
1073 2776 1109 2804 17
1135 2765 1211 2807 Est]
1231 2765 1274 2797 Et
1291 2763 1376 2795 Mss.
1450 2763 1522 2805 isti]
1540 2763 1588 2794 illi
1605 2762 1640 2793 F

85 2832 130 2866 ‘22
155 2821 335 2863 porcione]
362 2821 570 2862 proprietate
587 2820 651 2851 FD
827 2817 968 2860 objecti]
986 2818 1108 2858 abjecti
1122 2817 1158 2848 D
1389 2825 1429 2855 27
1454 2815 1523 2857 est]
1541 2826 1582 2847 ex
1599 2814 1635 2846 D

87 2884 131 2913 3ο
154 2873 358 2915 pyramidis]
375 2874 565 2914 pyramidis
579 2873 732 2912 jacentes
748 2871 781 2902 F

1653 912 1776 937 11a2.
