1934 3152
130 247 206 278 goa
228 248 253 268 1.

134 2365 256 2395 30:12.

1017 82 1098 123 108

339 233 584 276 Dz'stz'nccz‘o
625 240 682 283 4³.
746 232 797 274 de
840 239 1006 274 natura
1051 240 1093 274 et
1133 232 1270 273 modis
1317 231 1420 286 ejus.
1492 221 1673 272 Habeas
1693 273 1697 275 ,
1717 228 1832 285 capi—

279 303 373 346 tula
404 304 444 344 6.

342 397 590 451 Capitulum
626 397 825 450 primum
877 396 928 436 de
969 404 1134 438 natum
1174 403 1259 450 per
1296 396 1615 450 separacz'onem
1650 394 1744 448 ejus
1779 393 1833 434 ab

278 467 504 508 intellectu.
1408 502 1410 504 ,

339 538 581 590 Postquam
614 536 657 576 in
689 542 816 590 parte
849 536 1042 577 secunda
1065 534 1194 589 hujus
1221 536 1349 590 primi
1383 535 1481 576 libri
1514 533 1831 576 Communium
1850 548 1868 580 5

280 607 561 648 Naturalium
600 605 770 647 dictum
804 611 871 646 est
903 606 959 646 de
991 605 1175 646 materia
1205 605 1506 660 principaliter
1540 610 1585 645 et
1619 603 1713 657 ejus
1744 602 1830 657 pri-

277 677 460 718 vacione
497 682 539 716 et
571 676 799 730 potenciis‚
831 682 876 717 et
909 675 1159 716 racionibus
1192 675 1490 726 seminalibus,
1521 672 1739 728 simulque
1775 673 1832 714 de

279 747 421 788 forma
452 759 539 800 que
571 746 631 787 ibi
669 744 914 787 necessaria
945 745 1221 796 videbantur,
1254 759 1369 787 nunc
1401 745 1639 787 dicendum
1671 749 1738 785 est
1775 742 1832 784 de

279 815 622 870 proprietatibus
655 815 856 857 omnium
888 829 1121 856 causarum
1155 811 1423 858 naturalium
1456 822 1500 857 et
1531 827 1619 855 non
1650 820 1827 855 natura-

278 886 382 926 lium
425 886 668 927 secundum
720 885 842 940 quod
894 886 950 927 ad
1002 892 1204 926 naturam
1258 886 1515 935 referuntur,
1558 891 1602 926 et
1651 882 1832 938 propter
1852 899 1891 921 10

278 955 489 1009 majorem
514 955 857 1009 intelligenciam
881 954 1148 997 naturalium
1170 956 1417 997 accionum.
1472 954 1657 1010 Duplex
1679 959 1829 994 autem

279 1033 344 1067 est
366 1039 499 1066 causa
521 1025 712 1067 efficiens
736 1039 813 1079 per
834 1039 882 1066 se
904 1039 1093 1080 operans
1119 1032 1164 1067 et
1187 1039 1276 1067 non
1305 1040 1383 1080 per
1414 1025 1627 1074 accidens,
1649 1023 1831 1073 scilicet,

279 1103 437 1137 natura
458 1102 503 1137 et
526 1095 787 1145 intellectus,
812 1094 1061 1136 intellectus
1093 1103 1242 1137 autem
1273 1096 1344 1137 hic
1366 1101 1550 1138 vocatur
1578 1093 1832 1136 substancia

279 1165 525 1214 racionalis,
547 1179 632 1218 que
660 1171 870 1219 operatur
892 1178 950 1205 ex
980 1165 1303 1207 deliberacione
1335 1166 1521 1208 racionis
1546 1172 1589 1206 et
1611 1163 1831 1206 eleccione

276 1236 530 1287 voluntatis,
552 1242 595 1276 et
622 1240 807 1277 vocatur
834 1248 970 1289 agens
997 1249 1022 1276 a
1054 1236 1286 1291 proposito
1309 1243 1352 1278 et
1380 1237 1436 1277 ad
1467 1236 1694 1290 placitum,
1717 1233 1830 1274 sicut
1850 1248 1888 1279 15

279 1305 527 1347 intellectus
572 1305 760 1356 divinus,
801 1305 1037 1359 angelicus,
1079 1314 1122 1347 et
1174 1306 1406 1349 humanus.
1481 1306 1630 1348 Omne
1675 1310 1828 1346 autem

279 1389 414 1429 agens
447 1375 541 1416 sine
573 1375 896 1417 deliberacione
927 1376 1111 1417 racionis
1143 1384 1188 1419 et
1219 1378 1313 1419 sine
1344 1377 1566 1419 eleccione
1587 1372 1829 1417 voluntatis

278 1445 439 1486 dicitur
474 1458 609 1499 agens
647 1458 724 1498 per
759 1451 976 1496 naturam,
1013 1447 1118 1499 quia
1150 1447 1360 1489 instinctu
1397 1446 1586 1489 naturali
1621 1446 1724 1499 agit,
1761 1449 1829 1485 set

278 1514 528 1556 intellectus
568 1528 656 1555 non
693 1515 786 1569 agit
824 1515 1033 1557 instinctu
1068 1517 1259 1558 naturali
1297 1524 1364 1559 set
1401 1532 1459 1559 ex
1496 1531 1576 1558 sua
1612 1515 1828 1558 delibera-

278 1585 411 1636 cione,
440 1592 484 1626 et
516 1584 688 1626 diversa
719 1591 763 1626 et
795 1586 977 1627 diversis
1010 1586 1164 1637 modis,
1193 1588 1435 1629 secundum
1467 1601 1545 1628 sue
1578 1582 1828 1640 beneplaci-
1848 1599 1888 1621 20

279 1662 375 1695 tum
402 1654 656 1703 voluntatis,
680 1661 723 1696 et
739 1662 921 1697 vocatur
944 1663 1143 1710 potestas
1165 1657 1350 1699 racionis
1373 1671 1507 1712 agens
1529 1658 1586 1699 ad
1608 1655 1828 1711 opposita,

280 1731 323 1765 et
362 1725 404 1765 in
443 1724 672 1766 intellectu
709 1732 857 1767 creato
899 1727 1099 1781 angelico
1130 1734 1174 1769 et
1205 1727 1401 1769 humano
1433 1733 1498 1769 est
1535 1732 1733 1780 potestas
1769 1725 1827 1766 ad

279 1795 497 1848 opposita,
547 1809 634 1849 que
680 1802 782 1837 sunt
829 1796 996 1838 bonum
1049 1804 1092 1839 et
1140 1797 1321 1848 malum,
1370 1798 1453 1839 hoc
1498 1804 1575 1846 est,
1627 1801 1827 1838 creatura

279 1865 520 1918 racionaHs,
552 1872 767 1918 quantum
801 1873 869 1908 est
906 1867 963 1908 de
999 1880 1058 1916 se,
1091 1873 1238 1921 potest
1272 1868 1314 1908 in
1356 1867 1522 1909 bonum
1567 1874 1611 1908 et
1649 1866 1827 1912 malum,

280 1940 323 1975 et
370 1934 505 1976 homo
547 1935 640 1976 exit
684 1936 726 1976 in
774 1943 1010 1990 utrumque
1051 1937 1283 1978 actualiter
1331 1936 1533 1979 faciendo
1573 1937 1740 1978 bonum
1781 1939 1826 1977 et
1846 1943 1885 1973 25

278 2004 458 2045 malum.
511 2004 733 2058 Quoniam
757 2020 861 2047 vero
891 2007 1143 2049 substancia
1175 2007 1405 2048 racionalis
1438 1999 1577 2049 multa
1609 2006 1701 2062 agit
1733 2006 1826 2048 sine

277 2073 599 2116 deliberacione
636 2081 679 2116 et
717 2075 934 2117 eleccione
967 2064 1235 2125 voluntatiss
1259 2077 1359 2118 ideo
1406 2084 1606 2132 respectu
1651 2076 1825 2118 illarum

276 2143 509 2185 accionum
538 2145 697 2186 dicitur
733 2159 870 2200 agens
904 2159 983 2200 per
1015 2152 1230 2194 naturam,
1260 2153 1304 2187 et
1332 2146 1415 2188 hee
1448 2152 1549 2188 sunt
1577 2146 1824 2200 dupliciter,

279 2226 382 2253 nam
414 2213 563 2267 alique
589 2222 689 2255 sunt
723 2215 818 2255 sine
844 2216 963 2256 omni
989 2215 1344 2269 apprehencione
1377 2222 1420 2257 et
1452 2217 1654 2270 appetitu
1674 2216 1825 2257 volun-

279 2282 406 2333 tario,
432 2289 480 2324 ut
503 2283 575 2324 ille
597 2285 881 2337 operaciones
906 2299 991 2338 que
1020 2285 1130 2326 fiunt
1153 2287 1210 2326 ab
1233 2299 1284 2327 ea
1309 2286 1352 2326 in
1377 2300 1561 2341 corpore
1582 2300 1663 2336 suo
1686 2298 1823 2340 quan-
1845 2291 1886 2322 30

277 2358 370 2392 tum
407 2353 460 2394 ad
501 2366 595 2395 esse
629 2360 673 2395 et
703 2355 843 2396 vitam
877 2362 920 2396 et
953 2354 1141 2396 salutem
1190 2354 1194 2409 Ι
1243 2355 1463 2408 conjuncti
1501 2369 1579 2409 per
1614 2356 1823 2397 virtutem

276 2435 353 2463 sue
375 2423 625 2464 substancie
647 2425 822 2477 agentis
845 2426 888 2465 in
911 2438 1097 2479 corpus;
1131 2430 1174 2465 et
1197 2424 1452 2478 hujusmodi
1474 2433 1574 2467 sunt
1590 2425 1823 2476 naturales,

273 2492 375 2544 quia
397 2506 485 2533 non
506 2500 607 2534 sunt
635 2507 692 2533 ex
724 2494 1085 2535 consideracione
1118 2494 1301 2535 racionis
1333 2508 1412 2534 nec
1444 2495 1647 2548 appetitu
1670 2494 1822 2535 volun-

325 2603 336 2622 1
367 2593 419 2624 De
436 2599 557 2624 natura
574 2617 582 2625 .
606 2618 612 2625 .
630 2618 637 2625 .
660 2595 834 2626 intellectu
853 2607 921 2628 om.
938 2595 973 2625 D
1099 2600 1178 2636 post
1193 2595 1266 2634 ejus
1282 2595 1360 2626 lmec
1374 2596 1470 2626 verba
1487 2596 1563 2628 add.
1582 2596 1660 2627 Fet
1677 2597 1837 2628 annexis.

279 2644 321 2682 ci,
343 2649 377 2675 ut
402 2646 444 2675 de
469 2646 708 2677 abstraccione
732 2652 766 2678 et
790 2648 865 2678 aliis
998 2651 1020 2679 6
1044 2648 1240 2688 privacione
1265 2653 1297 2678 ct
1322 2658 1387 2679 om.
1414 2648 1448 2678 D
1585 2659 1601 2688 7
1627 2648 1686 2690 de]
1712 2654 1765 2680 est
1788 2649 1824 2680 D

281 2706 318 2725 12
344 2701 397 2727 est
414 2707 478 2728 om.
498 2698 533 2728 D
628 2699 732 2739 18-19
757 2699 919 2730 instinctu
938 2725 945 2731 .
966 2725 973 2732 .
991 2724 998 2731 .
1021 2711 1087 2731 non
1111 2701 1182 2740 agit
1198 2711 1265 2731 om.
1279 2700 1312 2730 F
1397 2710 1435 2731 21
1464 2700 1629 2742 racionis]
1642 2701 1823 2732 racionalis

278 2747 341 2777 FD
431 2760 471 2788 25
499 2750 696 2792 utrumque]
713 2752 902 2791 utroqueF
988 2755 1030 2783 26
1054 2753 1263 2794 substancia]
1278 2754 1389 2783 anima
1400 2752 1466 2783 FD
1555 2763 1598 2792 29
1622 2760 1700 2785 sunt
1711 2764 1775 2784 om.
1797 2753 1829 2783 F

275 2808 315 2838 31
344 2801 533 2843 conjuncti]
551 2804 734 2842 conjuncte
751 2803 786 2834 D
876 2815 918 2844 33
943 2805 1022 2846 nec]
1043 2816 1106 2836 nec
1125 2816 1167 2836 ex
1187 2805 1220 2835 F
