1934 3152
844 163 901 207 43

95 263 278 306 effectus
311 265 488 319 agentis
520 264 676 306 similis
708 266 746 306 ei
780 266 823 306 in
857 273 1027 308 natura.
1091 267 1150 309 Et
1179 270 1378 322 queritur
1399 283 1454 310 an
1477 273 1643 324 species

92 333 149 374 sit
191 346 351 388 corpus
396 335 439 375 in
483 335 646 385 medio,
680 342 862 389 propter
904 337 1217 388 dimensiones,
1260 345 1303 379 et
1345 339 1447 393 quia
1481 353 1559 393 per
1595 355 1638 382 se

92 409 304 453 movetur,
336 404 591 458 quiescente
624 405 784 455 medio,
816 412 860 446 et
904 405 1043 446 multa
1076 406 1337 460 obiciuntur,
1371 413 1438 449 set
1470 409 1638 450 dimen-

91 473 236 514 siones
267 473 430 527 speciei
463 486 551 515 non
583 480 686 516 sunt
711 474 768 515 ab
799 488 850 515 ea
875 482 942 516 set
972 476 1029 516 ab
1058 489 1158 517 aere
1180 482 1224 518 et
1246 476 1332 518 alio
1357 478 1513 526 medio,
1537 480 1638 532 quia

50 542 134 596 5in
171 541 523 584 dimensionibus
560 543 670 584 aeris
704 549 748 584 et
789 544 1024 598 cujuslibet
1058 544 1250 595 alterius,
1282 547 1460 596 scilicet,
1493 549 1637 596 medii,

89 611 292 653 educitur
312 613 482 667 species
507 613 550 653 in
573 626 668 654 esse
691 613 746 654 de
769 614 973 668 potencia
991 615 1183 658 materie.
1239 614 1311 658 Sic
1334 629 1421 657 non
1437 623 1637 658 movetur

88 687 237 724 autem
270 682 439 736 species
478 690 601 724 motu
640 682 767 724 locali
804 683 848 723 in
881 683 1036 733 medio,
1073 691 1139 726 set
1178 693 1302 727 motu
1334 687 1636 741 generacionis

88 758 132 793 et
165 752 477 807 corrupcionis‚
511 758 555 793 et
587 751 663 793 illo
702 759 824 794 motu
860 759 1063 794 movetur
1096 754 1292 795 medium
1325 762 1539 809 quantum
1579 756 1635 796 ad

86 835 183 864 esse
219 821 393 876 speciei,
432 822 551 864 unde
587 835 661 864 aer
695 822 919 875 alteratur,
953 830 997 864 et
1031 824 1273 865 secundum
1311 825 1492 879 aliquod
1530 839 1635 876 esse,

29 910 68 934 10
86 898 130 932 et
171 890 338 945 aliquid
372 892 438 933 sui
473 891 769 946 corrumpitur
804 898 848 933 et
875 892 879 946 Ι
908 900 1142 946 generatur
1176 894 1218 934 in
1260 896 1548 949 generacione
1591 903 1634 937 et
1656 920 1689 941 n
1713 911 1732 942 b
1752 921 1779 944 2,

83 961 373 1015 corrupcione
405 961 577 1016 speciei.
641 961 720 1003 Set
751 975 807 1003 an
839 963 1007 1015 species
1036 962 1080 1003 in
1112 964 1271 1005 eodem
1305 973 1470 1019 puncto
1500 967 1632 1006 medii

84 1029 231 1085 plures
263 1032 505 1073 secundum
539 1032 731 1086 speciem
762 1038 806 1073 et
833 1044 1063 1073 numerum
1092 1033 1298 1075 distincte
1324 1035 1495 1088 possint
1526 1049 1631 1086 esse,

84 1099 195 1141 latet
224 1100 407 1155 vulgum
441 1101 600 1142 adhuc.
663 1100 783 1142 Nam
811 1100 1101 1155 proculdubio
1127 1104 1294 1156 species
1320 1117 1419 1144 cum
1449 1104 1536 1145 sint
1566 1119 1632 1147 res

83 1183 197 1218 vere,
214 1168 314 1212 licet
341 1169 346 1226 Ι
377 1171 910 1225 imperfecte,miscentur,
926 1171 1040 1213 sicut
1055 1174 1233 1224 quando
1248 1173 1341 1228 ipse
1356 1174 1633 1228 complentur
1653 1187 1690 1218 F.
1705 1188 1744 1218 88
1762 1188 1782 1219 b
1798 1196 1826 1219 1.

25 1257 62 1290 15
85 1239 128 1280 in
150 1238 334 1281 effectus
357 1241 617 1295 completos,
639 1247 683 1282 et
710 1241 811 1282 ideo
834 1241 1002 1294 species
1025 1242 1153 1284 calidi
1172 1249 1215 1283 et
1233 1241 1377 1296 frigidi
1397 1244 1633 1286 miscentur

83 1311 127 1364 in
160 1311 324 1362 medio,
353 1312 466 1353 sicut
499 1310 693 1352 calidum
726 1317 770 1351 et
797 1309 1018 1364 frigidum,
1041 1318 1085 1353 et
1117 1311 1318 1354 similiter
1348 1315 1515 1368 species
1544 1314 1632 1355 albi

82 1387 126 1422 et
169 1379 293 1434 nigri,
332 1386 375 1422 et
418 1381 480 1423 sic
522 1381 579 1422 de
621 1381 827 1422 omnibus
861 1381 1091 1435 speciebus
1126 1383 1353 1424 contrariis
1390 1390 1468 1425 aut
1504 1385 1630 1425 unius

82 1456 238 1492 nature
261 1449 481 1504 specifice,
500 1451 604 1504 quia
621 1449 839 1491 contraria
861 1457 964 1492 nata
986 1458 1089 1493 sunt
1110 1451 1251 1493 facere
1274 1452 1480 1504 medium,
1498 1461 1541 1495 et
1563 1467 1630 1494 res

83 1519 282 1573 ejusdem
325 1527 481 1562 nature
523 1519 727 1574 specifice
763 1533 851 1561 non
885 1520 1092 1562 videntur
1134 1521 1177 1562 in
1219 1523 1376 1564 eodem
1418 1523 1627 1576 subjecto,

20 1606 61 1630 20
81 1596 127 1632 et
164 1590 264 1631 ideo
299 1591 467 1644 species
500 1591 688 1632 duarum
725 1589 982 1632 albedinum
1021 1591 1064 1631 in
1098 1592 1255 1633 eodem
1293 1600 1457 1647 puncto
1495 1594 1627 1635 medii

80 1659 192 1702 fiunt
224 1673 312 1701 una
340 1659 507 1715 species
536 1659 815 1715 complecior,
847 1667 891 1702 et
919 1661 1087 1714 species
1116 1661 1204 1702 albi
1239 1667 1281 1702 et
1317 1662 1428 1715 nigri
1462 1662 1627 1704 faciunt

78 1730 270 1783 speciem
303 1730 437 1771 medii
469 1729 643 1772 coloris.
724 1730 822 1771 Hec
854 1743 911 1771 ex
951 1730 1229 1784 Perspectiva
1264 1737 1308 1772 et
1349 1745 1406 1772 ex
1446 1731 1622 1774 Metha-

77 1798 246 1853 phisica
270 1799 504 1842 manifesta
526 1806 641 1853 sunt,
663 1800 864 1853 quamvis
893 1798 1049 1854 vulgus
1080 1806 1124 1841 et
1153 1800 1300 1854 capita
1329 1800 1423 1854 ejus
1451 1810 1624 1844 contra-

77 1869 240 1911 dicant.
328 1869 389 1912 Et
437 1877 612 1911 autores
660 1870 795 1923 aliqui
844 1869 1051 1911 videntur
1106 1869 1190 1911 hoc
1247 1870 1392 1912 dicere
1444 1879 1625 1926 propter

15 1955 54 1988 25
76 1939 409 1982 distinccionem
442 1940 586 1992 medii,
617 1953 719 1981 nam
746 1940 782 1980 si
809 1940 935 1981 multi
967 1940 1134 1982 colores
1166 1941 1368 1981 contrarii
1394 1948 1438 1982 et
1465 1942 1623 1984 diversi

76 2009 324 2051 obiciantur
350 2010 476 2061 visui,
508 2010 620 2051 sicut
650 2011 693 2051 in
719 2017 844 2052 scuto
876 2009 947 2051 vel
978 2010 1089 2064 pica,
1111 2010 1221 2051 visio
1250 2009 1300 2050 fit
1331 2009 1536 2052 distincte
1566 2013 1622 2053 de

75 2078 272 2132 singulis,
294 2086 340 2122 et
368 2093 446 2134 per
474 2080 643 2134 species
673 2081 716 2121 in
741 2093 841 2121 aere
858 2094 867 2131 ;
900 2093 1004 2133 ergo
1025 2079 1180 2121 volunt
1202 2080 1321 2133 quod
1344 2081 1511 2134 species
1533 2082 1620 2124 sint

75 2149 292 2191 distincte.
356 2148 436 2191 Set
459 2163 546 2191 non
562 2150 682 2204 cogit
705 2150 835 2200 istud,
850 2156 896 2190 ut
915 2150 958 2190 in
977 2149 1259 2202 Perspectiva
1281 2149 1618 2192 demonstratur.

77 2218 219 2273 Igitur
240 2218 500 2260 autoritates
523 2218 829 2273 intelliguntur
851 2233 907 2260 ex
924 2219 1021 2270 hoc,
1038 2231 1126 2259 non
1143 2219 1263 2272 quod
1280 2218 1434 2261 volunt
1451 2221 1618 2275 species

13 2302 54 2335 30
75 2288 118 2328 in
152 2287 252 2330 loco
287 2288 445 2330 eodem
481 2301 576 2330 esse
610 2288 853 2342 distinctas,
888 2296 955 2330 set
991 2288 1095 2342 quia
1132 2289 1396 2344 principales
1428 2290 1619 2331 incessus

72 2374 224 2402 earum
248 2367 350 2403 sunt
373 2375 546 2416 semper
572 2361 767 2403 distincti
791 2368 835 2403 et
858 2362 1121 2403 intersecant
1144 2375 1189 2402 se
1205 2363 1248 2402 in
1266 2363 1422 2404 eodem
1438 2370 1618 2417 puncto,

118 2507 132 2528 1
159 2498 312 2538 queritur
327 2498 386 2540 an]
405 2508 471 2539 qua
489 2498 523 2529 in
541 2498 573 2529 F
694 2507 714 2528 2
739 2503 773 2529 et
790 2508 856 2529 om.
876 2498 909 2528 F
1029 2508 1048 2536 4
1072 2498 1200 2538 speciei
1218 2508 1282 2529 om.
1299 2498 1333 2529 F
1453 2508 1517 2539 4-5
1541 2501 1618 2540 quia

71 2576 79 2583 .
152 2551 254 2582 medii
271 2561 337 2582 om.
355 2551 390 2581 D
502 2561 521 2591 5
545 2550 674 2582 scilicet
689 2561 754 2582 om.
773 2551 806 2580 F
902 2552 923 2582 6
948 2550 1004 2582 Sic
1020 2561 1087 2582 om.
1105 2551 1168 2580 FD
1274 2561 1290 2591 7
1316 2552 1371 2582 alt.
1389 2556 1483 2582 motu
1500 2562 1564 2584 om.
1582 2553 1618 2583 D

72 2613 112 2636 10
135 2604 170 2634 in
187 2614 254 2635 om.
275 2604 308 2634 F
506 2614 544 2635 12
569 2603 720 2644 possint]
739 2608 884 2644 possunt
900 2603 949 2634 F:
971 2607 1110 2643 possent
1128 2603 1162 2633 D
1362 2614 1401 2643 13
1425 2604 1508 2646 sint]
1528 2606 1572 2637 sit
1588 2605 1622 2636 F

74 2665 113 2696 15
138 2656 217 2687 ideo
233 2667 300 2688 om.
317 2656 353 2687 D
602 2666 639 2695 17
664 2655 795 2697 autern]
812 2661 870 2686 aut
886 2655 937 2686 F:
961 2661 997 2687 ut
1015 2655 1050 2686 D
1293 2666 1330 2687 21
1356 2657 1421 2688 albi
1438 2657 1489 2698 et]
1506 2658 1573 2688 albi
1590 2659 1623 2689 F

69 2718 113 2739 22
140 2708 235 2750 Hec]
255 2709 334 2741 Hoc
351 2714 403 2741 est
420 2709 453 2740 F
633 2714 667 2740 et
684 2708 745 2749 ex]
765 2714 799 2739 et
815 2708 850 2738 D
1072 2718 1113 2748 25
1139 2708 1258 2750 medii]
1276 2709 1415 2740 videndi
1432 2710 1476 2742 F:
1497 2710 1614 2751 judicii

68 2760 105 2792 D
297 2763 340 2792 26
366 2762 400 2792 in
419 2772 483 2793 om.
501 2762 536 2792 D
656 2758 834 2802 distincte]
853 2760 1032 2792 distinccio
1048 2760 1081 2791 F
1277 2761 1319 2791 28
1343 2763 1612 2804 demonstratur]

69 2814 361 2846 demonstrabitur
376 2814 409 2845 F
602 2824 645 2853 29
667 2813 886 2854 autoritates]
905 2817 1042 2844 autores
1059 2813 1093 2843 D
1293 2823 1336 2853 3ο
1358 2813 1452 2856 esse]
1470 2826 1570 2848 omne
1586 2816 1620 2846 F

68 2876 108 2907 31
135 2870 169 2898 et
185 2876 250 2898 om.
267 2866 300 2897 F
