1934 3152
832 130 887 173 35

83 244 171 272 non
194 231 356 272 cadunt
377 233 434 273 ad
464 231 649 286 angulos
675 234 866 288 equales.
930 236 990 278 Et
1016 236 1076 278 illi
1102 238 1177 292 qui
1205 239 1369 280 cadunt
1399 238 1442 280 in
1468 240 1626 282 minori

82 300 242 342 circulo
274 300 408 343 alcius
449 301 743 354 reflectuntur,
781 310 825 345 et
867 305 941 358 qui
977 306 1021 347 in
1055 307 1254 349 maximo
1283 307 1288 362 Ι
1316 309 1372 350 ad
1410 315 1624 363 punctum
1645 312 1703 353 9b
1723 322 1750 344 2-

83 368 296 420 infimum,
327 370 504 419 scilicet,
528 372 584 412 ad
614 372 766 426 polum
793 387 934 427 spere,
964 389 1039 417 seu
1074 377 1130 418 ad
1163 378 1493 420 extremitatem
1526 379 1625 420 axis

82 439 375 482 reflectuntur.
427 440 507 482 Set
520 454 600 483 nec
628 441 633 495 1
661 449 818 484 natura
840 457 919 485 nec
936 458 1004 486 ars
1018 452 1222 489 contente
1243 454 1347 488 sunt
1368 447 1623 501 hujusmodi
1644 448 1682 480 F.
1703 449 1742 491 87
1760 450 1781 482 b
1800 459 1829 481 ²·

39 526 61 559 5
81 509 398 562 combustione,
419 509 556 552 immo
577 511 731 553 volunt
752 512 813 554 sic
836 512 1023 568 figurare
1046 529 1243 569 corpora,
1266 523 1315 558 ut
1337 530 1492 558 omnes
1516 518 1626 559 radii

81 579 289 621 cadentes
311 579 354 620 in
384 585 527 621 totam
549 580 825 633 superficiem
855 584 1022 637 speculi
1052 593 1312 628 concurrant
1341 587 1384 627 in
1410 593 1623 640 punctum

81 646 232 699 unum,
268 654 312 690 et
349 649 409 690 sic
440 649 586 692 adhuc
617 652 737 704 quod
773 651 816 692 in
857 654 976 695 omni
1018 655 1234 698 distancia
1275 669 1363 709 qua
1393 655 1626 707 volumus;

79 724 124 759 et
165 717 249 760 hoc
289 724 354 760 est
388 717 595 760 ultimum
632 720 752 773 quod
790 721 1044 765 Geometrie
1079 725 1198 767 valet
1234 724 1377 767 facere
1415 732 1626 780 potestas.

80 787 198 828 Nam
239 787 322 829 hoc
362 788 591 842 speculum
628 797 831 843 potenter
866 793 1096 835 comburet
1137 808 1271 836 omne
1311 795 1432 849 quod
1483 795 1623 849 possit

20 876 61 900 ιο
78 857 206 899 obici.
269 857 330 898 Et
357 858 420 899 sic
448 865 572 912 patet
593 859 713 912 quod
739 860 935 903 diversus
961 863 1121 905 modus
1143 870 1210 906 est
1239 864 1622 919 multiplicacionis

77 927 318 968 secundum
349 927 623 970 reflexiones.
685 929 747 971 Et
779 937 900 973 tacta
933 939 999 975 est
1035 934 1286 975 combustio
1322 941 1504 988 propter
1535 935 1622 976 evi-

77 996 275 1038 denciam
303 996 698 1051 multiplicacionis,
730 999 830 1042 licet
861 1001 1109 1044 combustio
1138 1003 1279 1058 magis
1312 1004 1531 1058 pertineat
1564 1005 1620 1046 ad

75 1067 316 1118 accionem,
338 1073 385 1108 ut
407 1067 585 1110 inferius
607 1076 868 1123 exponetur.

136 1135 367 1179 Sensibilis
397 1151 501 1180 vero
533 1137 582 1180 fit
614 1139 795 1182 reflexio
826 1143 1007 1194 quando
1043 1142 1093 1184 fit
1124 1156 1150 1184 a
1192 1143 1420 1198 superficie
1452 1144 1537 1186 levi
1577 1151 1622 1187 et

17 1221 56 1254 15
77 1207 224 1260 polita,
253 1214 301 1249 ut
333 1222 359 1249 a
389 1209 580 1262 speculo.
642 1210 769 1252 Tunc
800 1212 916 1252 enim
942 1212 1011 1254 vel
1040 1213 1132 1267 agit
1159 1214 1227 1255 vel
1255 1215 1438 1269 percipit
1470 1228 1620 1257 sensus

76 1278 195 1331 ipsas
228 1291 296 1320 res
336 1291 416 1333 per
448 1279 724 1331 reflexiones,
761 1288 804 1323 et
838 1280 950 1324 fiunt
992 1283 1278 1337 operaciones
1317 1284 1537 1326 naturales
1573 1291 1621 1326 ut

76 1347 325 1389 combustio
359 1354 404 1390 et
432 1347 699 1403 hujusmodi.
763 1350 843 1392 Set
868 1353 1049 1406 quando
1081 1352 1131 1395 fit
1163 1353 1346 1396 reflexio
1376 1356 1433 1396 ab
1462 1368 1620 1409 aspero

75 1430 260 1470 corpore
290 1431 378 1459 non
410 1416 462 1459 fit
491 1418 709 1461 sensibilis
742 1420 923 1462 reflexio
955 1435 1035 1464 nec
1064 1422 1184 1465 bona
1214 1425 1418 1477 operacio
1450 1431 1620 1476 nature,

74 1487 178 1540 quia
220 1487 388 1541 species
418 1501 507 1529 non
541 1496 690 1532 manet
723 1490 895 1545 integra
926 1498 992 1533 set
1024 1493 1263 1547 dissipatur
1305 1500 1490 1548 propter
1526 1494 1619 1536 ine-

14 1568 56 1591 20
74 1557 331 1610 qualitatem
354 1557 600 1612 superficiei
621 1573 787 1614 aspere.

133 1626 230 1669 Hec
265 1633 414 1669 autem
451 1629 615 1683 triplex
657 1630 971 1685 multiplicacio
1008 1634 1253 1675 secundum
1288 1633 1426 1676 lineas
1458 1635 1619 1676 dicitur

73 1696 322 1751 principalis
364 1704 543 1753 propter
583 1699 682 1751 hoc,
724 1702 845 1755 quod
886 1703 943 1743 ab
981 1702 1078 1756 ipso
1121 1711 1283 1758 agente
1324 1705 1460 1746 venit.
1537 1703 1617 1746 Set

73 1773 230 1821 quarta
267 1773 333 1809 est
369 1769 510 1823 magis
552 1771 721 1811 mundo
762 1772 1022 1824 necessaria,
1057 1779 1240 1827 propter
1275 1773 1360 1816 hoc
1396 1775 1518 1828 quod
1552 1779 1618 1815 est

72 1836 130 1878 ab
172 1836 270 1890 ipso
310 1844 484 1892 agente,
517 1840 718 1892 quamvis
759 1847 941 1884 vocetur
971 1843 1254 1885 accidentalis
1286 1843 1614 1898 multiplicacio.

36 1906 192 1948 5Nam
234 1906 384 1949 lumen
427 1908 701 1952 accidentale
742 1918 925 1954 vocatur
965 1919 1165 1967 respectu
1212 1913 1320 1954 lucis
1363 1913 1617 1967 principalis

73 1975 289 2018 venientis
329 1991 355 2019 a
395 1991 451 2028 re,
494 1980 706 2032 quoniam
748 1981 829 2024 hec
869 1996 959 2024 non
1002 1983 1125 2024 venit
1165 1983 1223 2025 ab
1263 1990 1437 2037 agente,
1477 1989 1543 2025 set
1591 1997 1617 2025 a

73 2045 522 2100 multiplicacionibus
552 2050 879 2106 principalibus,
906 2059 955 2094 ut
984 2052 1027 2094 in
1060 2053 1197 2094 domo
1234 2053 1352 2095 cadit
1392 2067 1471 2108 per
1503 2053 1618 2095 fene-

71 2121 208 2156 stram
245 2116 558 2170 multiplicacio
591 2120 844 2175 principalis
880 2136 907 2163 a
941 2122 1047 2173 sole,
1078 2129 1146 2164 set
1179 2123 1223 2163 in
1258 2123 1421 2177 angulo
1458 2124 1617 2165 domus

72 2185 193 2226 venit
224 2199 250 2226 a
276 2186 400 2226 radio
431 2185 621 2230 fenestre
652 2189 731 2230 lux
763 2191 1061 2234 accidentalis.
1123 2192 1229 2234 Non
1258 2198 1440 2247 possent
1466 2199 1616 2234 autem

117 2268 223 2324 22-27
242 2284 292 2324 (p.
310 2285 370 2326 36)
397 2287 463 2317 Set
478 2289 612 2322 quarta
629 2289 686 2318 est
700 2288 820 2325 magis
837 2311 844 2319 .
864 2310 873 2319 .
889 2312 897 2320 .
915 2290 964 2319 ad
981 2290 1221 2326 superficiem
1243 2288 1446 2331 sperieam]
1470 2288 1616 2329 Bridges

71 2347 93 2368 1.
116 2346 188 2376 117.

116 2431 136 2460 3
153 2420 231 2462 seu]
243 2420 315 2451 sive
330 2420 365 2452 D
432 2432 452 2460 4
470 2420 552 2462 nec]
564 2431 629 2453 om.
643 2421 677 2452 F
737 2432 759 2462 9
774 2423 949 2455 comburet
959 2434 1025 2455 om.
1037 2424 1071 2455 F
1128 2434 1167 2456 10
1183 2424 1271 2457 obici
1285 2435 1351 2457 om.
1363 2425 1397 2456 F
1461 2435 1499 2465 15
1525 2426 1615 2458 enim

72 2498 80 2505 .
100 2497 108 2504 .
126 2498 133 2505 .
151 2472 296 2514 percipit
304 2483 369 2504 om.
383 2473 417 2504 F
480 2473 536 2504 vel
553 2497 560 2506 .
578 2495 588 2505 .
603 2497 611 2505 .
632 2473 688 2504 vel
704 2485 770 2506 om.
786 2473 822 2505 D
917 2485 957 2516 19
973 2476 1129 2518 propter]
1144 2488 1209 2517 per
1218 2477 1284 2508 FD
1351 2488 1394 2509 20
1404 2482 1482 2519 post
1493 2488 1616 2519 aspere

17 2526 21 2529 '
70 2525 150 2557 haec.
162 2525 259 2558 verba
277 2525 355 2557 add.
372 2525 417 2558 D.
464 2525 517 2557 De
540 2526 689 2566 speculis
713 2527 995 2560 comburentibus
1012 2539 1080 2569 que
1097 2530 1285 2562 secundum
1302 2535 1456 2561 autorem
1473 2529 1548 2561 libri
1565 2530 1619 2564 De

70 2576 220 2618 speculis
235 2578 363 2609 debent
384 2588 462 2610 esse
483 2578 630 2610 anularis
650 2579 758 2618 figure
780 2579 834 2610 vel
853 2579 973 2621 ovalis,
992 2586 1029 2612 ut
1050 2581 1079 2612 si
1095 2586 1315 2622 amputentur
1336 2582 1413 2614 coni
1436 2582 1536 2614 unius
1557 2584 1615 2616 ovi

71 2630 172 2662 fieret
194 2630 344 2661 anulatis
367 2631 487 2671 figura,
507 2631 536 2662 si
552 2641 635 2663 vero
659 2641 745 2663 unus
769 2642 877 2663 conus
901 2638 1076 2665 remaneat
1100 2634 1161 2665 fiet
1185 2634 1303 2673 ovalis,
1322 2635 1368 2666 ita
1389 2640 1504 2667 tamen
1523 2637 1615 2677 quod

70 2682 154 2713 illud
178 2682 346 2714 dividatur
369 2683 403 2714 in
428 2684 514 2715 duas
538 2683 740 2715 medietates
768 2689 802 2715 et
834 2689 978 2725 utraque
1001 2687 1065 2717 erit
1090 2686 1159 2717 tale
1183 2687 1373 2728 speculum,
1399 2697 1439 2718 ac
1466 2688 1496 2719 si
1522 2694 1615 2721 esset

69 2733 194 2766 fundus
207 2735 304 2766 navis
316 2735 371 2766 vel
385 2740 516 2767 scutum
530 2745 726 2768 concavum.
761 2735 799 2767 In
816 2736 873 2767 tali
891 2736 985 2768 enirn
1003 2738 1114 2778 figura
1131 2743 1265 2779 oportet
1282 2740 1372 2780 quod
1389 2749 1512 2771 omnes
1528 2741 1614 2772 radii

69 2786 232 2818 cadentes
248 2787 282 2819 in
299 2791 403 2819 totam
423 2788 640 2828 superficiem
655 2788 785 2828 speculi
802 2789 924 2820 cadant
947 2790 991 2821 ad
1015 2790 1159 2830 angulos
1178 2792 1318 2831 equales
1340 2797 1375 2823 et
1397 2792 1616 2826 reflectuntur

68 2838 116 2869 ad
127 2839 319 2871 consimiles
335 2845 369 2872 et
387 2845 529 2881 propter
545 2841 610 2873 hoc
627 2841 669 2872 ad
687 2846 849 2882 punctum
866 2851 981 2873 unum.
1162 2853 1203 2884 23
1227 2843 1283 2875 alt.
1302 2849 1354 2876 est
1369 2854 1434 2877 om.
1451 2844 1486 2876 F

800 2907 880 2939 D2
